datetime,IP1,FC1,Volt FC1 ,Vtip,Itip,BV1
2018-05-29 14:57:45.579222,1023.0,2.5,0.0,12000.0,0.0,750.0
2018-05-29 14:57:45.802400,1023.0,2.5,0.0,12000.0,0.0,750.0
2018-05-29 14:57:46.015571,1023.0,2.5,0.0,12000.0,0.0,750.0
2018-05-29 14:57:46.223737,1023.0,2.5,0.0,12000.0,0.0,750.0
2018-05-29 14:57:46.433905,1023.0,2.5,0.0,12000.0,0.0,750.0
2018-05-29 14:57:46.637067,1023.0,2.5,0.0,12000.0,0.0,750.0
2018-05-29 14:57:46.839229,1023.0,2.5,0.0,12000.0,0.0,750.0
2018-05-29 14:57:47.049397,1023.0,2.5,0.0,12000.0,0.0,750.0
2018-05-29 14:57:47.252559,1023.0,2.5,0.0,12000.0,0.0,750.0
2018-05-29 14:57:47.460726,1023.0,2.5,0.0,12000.0,0.0,750.0
2018-05-29 14:57:47.661887,1023.0,2.5,0.0,12000.0,0.0,750.0
2018-05-29 14:57:47.873055,1023.0,2.5,0.0,12000.0,0.0,750.0
2018-05-29 14:57:48.075217,1023.0,2.5,0.0,12000.0,0.0,750.0
2018-05-29 14:57:48.279380,1023.0,2.5,0.0,12000.0,0.0,750.0
2018-05-29 14:57:48.480541,1023.0,2.5,0.0,12000.0,0.0,750.0
2018-05-29 14:57:48.683703,1023.0,2.5,0.0,12000.0,0.0,750.0
2018-05-29 14:57:48.894872,1023.0,2.5,0.0,12000.0,0.0,750.0
2018-05-29 14:57:49.097034,1023.0,2.5,0.0,12000.0,0.0,750.0
2018-05-29 14:57:49.299195,1023.0,2.5,0.0,12000.0,0.0,750.0
2018-05-29 14:57:49.503359,1023.0,2.5,0.0,12000.0,0.0,750.0
2018-05-29 14:57:49.706521,1023.0,2.5,0.0,12000.0,0.0,750.0
2018-05-29 14:57:49.914687,1023.0,2.5,0.0,12000.0,0.0,750.0
2018-05-29 14:57:50.115848,1023.0,2.5,0.0,12000.0,0.0,750.0
2018-05-29 14:57:50.320011,1023.0,2.5,0.0,12000.0,0.0,750.0
2018-05-29 14:57:50.523174,1023.0,2.5,0.0,12000.0,0.0,750.0
2018-05-29 14:57:50.730339,1023.0,2.5,0.0,12000.0,0.0,750.0
2018-05-29 14:57:51.024575,1023.0,2.5,0.0,12000.0,0.0,750.0
2018-05-29 14:57:51.191708,1023.0,2.5,0.0,12000.0,0.0,750.0
2018-05-29 14:57:51.396872,1023.0,2.5,0.0,12000.0,0.0,750.0
2018-05-29 14:57:51.603037,1023.0,2.5,0.0,12000.0,0.0,750.0
2018-05-29 14:57:51.807200,1023.0,2.5,0.0,12000.0,0.0,750.0
2018-05-29 14:57:52.011363,1023.0,2.5,0.0,12000.0,0.0,750.0
2018-05-29 14:57:52.217528,1023.0,2.5,0.0,12000.0,0.0,750.0
2018-05-29 14:57:52.421691,1023.0,2.5,0.0,12000.0,0.0,750.0
2018-05-29 14:57:52.624854,1023.0,2.5,0.0,12000.0,0.0,750.0
2018-05-29 14:57:52.829017,1023.0,2.5,0.0,12000.0,0.0,750.0
2018-05-29 14:57:53.033180,1023.0,2.5,0.0,12000.0,0.0,750.0
2018-05-29 14:57:53.233340,1023.0,2.5,0.0,12000.0,0.0,750.0
2018-05-29 14:57:53.435502,1023.0,2.5,0.0,12000.0,0.0,750.0
2018-05-29 14:57:53.638664,1023.0,2.5,0.0,12000.0,0.0,750.0
2018-05-29 14:57:53.881859,1023.0,2.5,0.0,12000.0,0.0,750.0
2018-05-29 14:57:54.057999,1023.0,2.5,0.0,12000.0,0.0,750.0
2018-05-29 14:57:54.264164,1023.0,2.5,0.0,12000.0,0.0,750.0
2018-05-29 14:57:54.475333,1023.0,2.5,0.0,12000.0,0.0,750.0
2018-05-29 14:57:54.683499,1023.0,2.5,0.0,12000.0,0.0,750.0
2018-05-29 14:57:54.895669,1023.0,2.5,0.0,12000.0,0.0,750.0
2018-05-29 14:57:55.107839,1023.0,2.5,0.0,12000.0,0.0,750.0
2018-05-29 14:57:55.330016,1023.0,2.5,0.0,12000.0,0.0,750.0
2018-05-29 14:57:55.537182,1023.0,2.5,0.0,12000.0,0.0,750.0
2018-05-29 14:57:55.744347,1023.0,2.5,0.0,12000.0,0.0,750.0
2018-05-29 14:57:55.968527,1023.0,2.5,0.0,12000.0,0.0,750.0
2018-05-29 14:57:56.185700,1023.0,2.5,0.0,12000.0,0.0,750.0
2018-05-29 14:57:56.393867,1023.0,2.5,0.0,12000.0,0.0,750.0
2018-05-29 14:57:56.605035,1023.0,2.5,0.0,12000.0,0.0,750.0
2018-05-29 14:57:56.809199,1023.0,2.5,0.0,12000.0,0.0,750.0
2018-05-29 14:57:57.036380,1023.0,2.5,0.0,12000.0,0.0,750.0
2018-05-29 14:57:57.241544,1023.0,2.5,0.0,12000.0,0.0,750.0
2018-05-29 14:57:57.447709,1023.0,2.5,0.0,12000.0,0.0,750.0
2018-05-29 14:57:57.660879,1023.0,2.5,0.0,12000.0,0.0,750.0
2018-05-29 14:57:57.868045,1023.0,2.5,0.0,12000.0,0.0,750.0
2018-05-29 14:57:58.072208,1023.0,2.5,0.0,12000.0,0.0,750.0
2018-05-29 14:57:58.280375,1023.0,2.5,0.0,12000.0,0.0,750.0
2018-05-29 14:57:58.495547,1023.0,2.5,0.0,12000.0,0.0,750.0
2018-05-29 14:57:58.701711,1023.0,2.5,0.0,12000.0,0.0,750.0
2018-05-29 14:57:58.904874,1023.0,2.5,0.0,12000.0,0.0,750.0
2018-05-29 14:57:59.109037,1023.0,2.5,0.0,12000.0,0.0,750.0
2018-05-29 14:57:59.313200,1023.0,2.5,0.0,12000.0,0.0,750.0
2018-05-29 14:57:59.516363,1023.0,2.5,0.0,12000.0,0.0,750.0
2018-05-29 14:57:59.720526,1023.0,2.5,0.0,12000.0,0.0,750.0
2018-05-29 14:57:59.927691,1023.0,2.5,0.0,12000.0,0.0,750.0
2018-05-29 14:58:00.131855,1023.0,2.5,0.0,12000.0,0.0,750.0
2018-05-29 14:58:00.336018,1023.0,2.5,0.0,12000.0,0.0,750.0
2018-05-29 14:58:00.539180,1023.0,2.5,0.0,12000.0,0.0,750.0
2018-05-29 14:58:00.741342,1023.0,2.5,0.0,12000.0,0.0,750.0
2018-05-29 14:58:00.944504,1023.0,2.5,0.0,12000.0,0.0,750.0
2018-05-29 14:58:01.147667,1023.0,2.5,0.0,12000.0,0.0,750.0
2018-05-29 14:58:01.351830,1023.0,2.5,0.0,12000.0,0.0,750.0
2018-05-29 14:58:01.556994,1023.0,2.5,0.0,12000.0,0.0,750.0
2018-05-29 14:58:01.759155,1023.0,2.5,0.0,12000.0,0.0,750.0
2018-05-29 14:58:01.961317,1023.0,2.5,0.0,12000.0,0.0,750.0
2018-05-29 14:58:02.162478,1023.0,2.5,0.0,12000.0,0.0,750.0
2018-05-29 14:58:02.365640,1023.0,2.5,0.0,12000.0,0.0,750.0
2018-05-29 14:58:02.567802,1023.0,2.5,0.0,12000.0,0.0,750.0
2018-05-29 14:58:02.769963,1023.0,2.5,0.0,12000.0,0.0,750.0
2018-05-29 14:58:02.974127,1023.0,2.5,0.0,12000.0,0.0,750.0
2018-05-29 14:58:03.181292,1023.0,2.5,0.0,12000.0,0.0,750.0
2018-05-29 14:58:03.420483,1023.0,2.5,0.0,12000.0,0.0,750.0
2018-05-29 14:58:03.619643,1023.0,2.5,0.0,12000.0,0.0,750.0
2018-05-29 14:58:03.824807,1023.0,2.5,0.0,12000.0,0.0,750.0
2018-05-29 14:58:04.030971,1023.0,2.5,0.0,12000.0,0.0,750.0
2018-05-29 14:58:04.235135,1023.0,2.5,0.0,12000.0,0.0,750.0
2018-05-29 14:58:04.439298,1023.0,2.5,0.0,12000.0,0.0,750.0
2018-05-29 14:58:04.650467,1023.0,2.5,0.0,12000.0,0.0,750.0
2018-05-29 14:58:04.852628,1023.0,2.5,0.0,12000.0,0.0,750.0
2018-05-29 14:58:05.058793,1023.0,2.5,0.0,12000.0,0.0,750.0
2018-05-29 14:58:05.259954,1023.0,2.5,0.0,12000.0,0.0,750.0
2018-05-29 14:58:05.464117,1023.0,2.5,0.0,12000.0,0.0,750.0
2018-05-29 14:58:05.682291,1023.0,2.5,0.0,12000.0,0.0,750.0
2018-05-29 14:58:05.887455,1023.0,2.5,0.0,12000.0,0.0,750.0
2018-05-29 14:58:06.110634,1023.0,2.5,0.0,12000.0,0.0,750.0
2018-05-29 14:58:06.312795,1023.0,2.5,0.0,12000.0,0.0,750.0
2018-05-29 14:58:06.522963,1023.0,2.5,0.0,12000.0,0.0,750.0
2018-05-29 14:58:06.728127,1023.0,2.5,0.0,12000.0,0.0,750.0
2018-05-29 14:58:06.933291,1023.0,2.5,0.0,12000.0,0.0,750.0
2018-05-29 14:58:07.140457,1023.0,2.5,0.0,12000.0,0.0,750.0
2018-05-29 14:58:07.344620,1023.0,2.5,0.0,12000.0,0.0,750.0
2018-05-29 14:58:07.552787,1023.0,2.5,0.0,12000.0,0.0,750.0
2018-05-29 14:58:07.759952,1023.0,2.5,0.0,12000.0,0.0,750.0
2018-05-29 14:58:07.966117,1023.0,2.5,0.0,12000.0,0.0,750.0
2018-05-29 14:58:08.172282,1023.0,2.5,0.0,12000.0,0.0,750.0
2018-05-29 14:58:08.378447,1023.0,2.5,0.0,12000.0,0.0,750.0
2018-05-29 14:58:08.603627,1023.0,2.5,0.0,12000.0,0.0,750.0
2018-05-29 14:58:08.806789,1023.0,2.5,0.0,12000.0,0.0,750.0
2018-05-29 14:58:09.009951,1023.0,2.5,0.0,12000.0,0.0,750.0
2018-05-29 14:58:09.221120,1023.0,2.5,0.0,12000.0,0.0,750.0
2018-05-29 14:58:09.423282,1023.0,2.5,0.0,12000.0,0.0,750.0
2018-05-29 14:58:09.629447,1023.0,2.5,0.0,12000.0,0.0,750.0
2018-05-29 14:58:09.831608,1023.0,2.5,0.0,12000.0,0.0,750.0
2018-05-29 14:58:10.037773,1023.0,2.5,0.0,12000.0,0.0,750.0
2018-05-29 14:58:10.248942,1023.0,2.5,0.0,12000.0,0.0,750.0
2018-05-29 14:58:10.454106,1023.0,2.5,0.0,12000.0,0.0,750.0
2018-05-29 14:58:10.663273,1023.0,2.5,0.0,12000.0,0.0,750.0
2018-05-29 14:58:10.864434,1023.0,2.5,0.0,12000.0,0.0,750.0
2018-05-29 14:58:11.069598,1023.0,2.5,0.0,12000.0,0.0,750.0
2018-05-29 14:58:11.273761,1023.0,2.5,0.0,12000.0,0.0,750.0
2018-05-29 14:58:11.478925,1023.0,2.5,0.0,12000.0,0.0,750.0
2018-05-29 14:58:11.682087,1023.0,2.5,0.0,12000.0,0.0,750.0
2018-05-29 14:58:11.885250,1023.0,2.5,0.0,12000.0,0.0,750.0
2018-05-29 14:58:12.128444,1023.0,2.5,0.0,12000.0,0.0,750.0
2018-05-29 14:58:12.304585,1023.0,2.5,0.0,12000.0,0.0,750.0
2018-05-29 14:58:12.505746,1023.0,2.5,0.0,12000.0,0.0,750.0
2018-05-29 14:58:12.710910,1023.0,2.5,0.0,12000.0,0.0,750.0
2018-05-29 14:58:12.918075,1023.0,2.5,0.0,12000.0,0.0,750.0
2018-05-29 14:58:13.126242,1023.0,2.5,0.0,12000.0,0.0,750.0
2018-05-29 14:58:13.332407,1023.0,2.5,0.0,12000.0,0.0,750.0
2018-05-29 14:58:13.538571,1023.0,2.5,0.0,12000.0,0.0,750.0
2018-05-29 14:58:13.748739,1023.0,2.5,0.0,12000.0,0.0,750.0
2018-05-29 14:58:13.951902,1023.0,2.5,0.0,12000.0,0.0,750.0
2018-05-29 14:58:14.157066,1023.0,2.5,0.0,12000.0,0.0,750.0
2018-05-29 14:58:14.360228,1023.0,2.5,0.0,12000.0,0.0,750.0
2018-05-29 14:58:14.562390,1023.0,2.5,0.0,12000.0,0.0,750.0
2018-05-29 14:58:14.780564,1023.0,2.5,0.0,12000.0,0.0,750.0
2018-05-29 14:58:14.984727,1023.0,2.5,0.0,12000.0,0.0,750.0
2018-05-29 14:58:15.190892,1023.0,2.5,0.0,12000.0,0.0,750.0
2018-05-29 14:58:15.393054,1023.0,2.5,0.0,12000.0,0.0,750.0
2018-05-29 14:58:15.594215,1023.0,2.5,0.0,12000.0,0.0,750.0
2018-05-29 14:58:15.803382,1023.0,2.5,0.0,12000.0,0.0,750.0
2018-05-29 14:58:16.005543,1023.0,2.5,0.0,12000.0,0.0,750.0
2018-05-29 14:58:16.208706,1023.0,2.5,0.0,12000.0,0.0,750.0
2018-05-29 14:58:16.413870,1023.0,2.5,0.0,12000.0,0.0,750.0
2018-05-29 14:58:16.615031,1023.0,2.5,0.0,12000.0,0.0,750.0
2018-05-29 14:58:16.826199,1023.0,2.5,0.0,12000.0,0.0,750.0
2018-05-29 14:58:17.028361,1023.0,2.5,0.0,12000.0,0.0,750.0
2018-05-29 14:58:17.231523,1023.0,2.5,0.0,12000.0,0.0,750.0
2018-05-29 14:58:17.434686,1023.0,2.5,0.0,12000.0,0.0,750.0
2018-05-29 14:58:17.635847,1023.0,2.5,0.0,12000.0,0.0,750.0
2018-05-29 14:58:17.849017,1023.0,2.5,0.0,12000.0,0.0,750.0
2018-05-29 14:58:18.051179,1023.0,2.5,0.0,12000.0,0.0,750.0
2018-05-29 14:58:18.255342,1023.0,2.5,0.0,12000.0,0.0,750.0
2018-05-29 14:58:18.470514,1023.0,2.5,0.0,12000.0,0.0,750.0
2018-05-29 14:58:18.675678,1023.0,2.5,0.0,12000.0,0.0,750.0
2018-05-29 14:58:18.884845,1023.0,2.5,0.0,12000.0,0.0,750.0
2018-05-29 14:58:19.096014,1023.0,2.5,0.0,12000.0,0.0,750.0
2018-05-29 14:58:19.308183,1023.0,2.5,0.0,12000.0,0.0,750.0
2018-05-29 14:58:19.514348,1023.0,2.5,0.0,12000.0,0.0,750.0
2018-05-29 14:58:19.727519,1023.0,2.5,0.0,12000.0,0.0,750.0
2018-05-29 14:58:19.933683,1023.0,2.5,0.0,12000.0,0.0,750.0
2018-05-29 14:58:20.144852,1023.0,2.5,0.0,12000.0,0.0,750.0
2018-05-29 14:58:20.354019,1023.0,2.5,0.0,12000.0,0.0,750.0
2018-05-29 14:58:20.561185,1023.0,2.5,0.0,12000.0,0.0,750.0
2018-05-29 14:58:20.767350,1023.0,2.5,0.0,12000.0,0.0,750.0
2018-05-29 14:58:20.971513,1023.0,2.5,0.0,12000.0,0.0,750.0
2018-05-29 14:58:21.178679,1023.0,2.5,0.0,12000.0,0.0,750.0
2018-05-29 14:58:21.391849,1023.0,2.5,0.0,12000.0,0.0,750.0
2018-05-29 14:58:21.598014,1023.0,2.5,0.0,12000.0,0.0,750.0
2018-05-29 14:58:21.802177,1023.0,2.5,0.0,12000.0,0.0,750.0
2018-05-29 14:58:22.009343,1023.0,2.5,0.0,12000.0,0.0,750.0
2018-05-29 14:58:22.214507,1023.0,2.5,0.0,12000.0,0.0,750.0
2018-05-29 14:58:22.427677,1023.0,2.5,0.0,12000.0,0.0,750.0
2018-05-29 14:58:22.632841,1023.0,2.5,0.0,12000.0,0.0,750.0
2018-05-29 14:58:22.837004,1023.0,2.5,0.0,12000.0,0.0,750.0
2018-05-29 14:58:23.043169,1023.0,2.5,0.0,12000.0,0.0,750.0
2018-05-29 14:58:23.253337,1023.0,2.5,0.0,12000.0,0.0,750.0
2018-05-29 14:58:23.474514,1023.0,2.5,0.0,12000.0,0.0,750.0
2018-05-29 14:58:23.683681,1023.0,2.5,0.0,12000.0,0.0,750.0
2018-05-29 14:58:23.890847,1023.0,2.5,0.0,12000.0,0.0,750.0
2018-05-29 14:58:24.098012,1023.0,2.5,0.0,12000.0,0.0,750.0
2018-05-29 14:58:24.309181,1023.0,2.5,0.0,12000.0,0.0,750.0
2018-05-29 14:58:24.514345,1023.0,2.5,0.0,12000.0,0.0,750.0
2018-05-29 14:58:24.719509,1023.0,2.5,0.0,12000.0,0.0,750.0
2018-05-29 14:58:24.936683,1023.0,2.5,0.0,12000.0,0.0,750.0
2018-05-29 14:58:25.145850,1023.0,2.5,0.0,12000.0,0.0,750.0
2018-05-29 14:58:25.354016,1023.0,2.5,0.0,12000.0,0.0,750.0
2018-05-29 14:58:25.562183,1023.0,2.5,0.0,12000.0,0.0,750.0
2018-05-29 14:58:25.775353,1023.0,2.5,0.0,12000.0,0.0,750.0
2018-05-29 14:58:25.982519,1023.0,2.5,0.0,12000.0,0.0,750.0
2018-05-29 14:58:26.187683,1023.0,2.5,0.0,12000.0,0.0,750.0
2018-05-29 14:58:26.395849,1023.0,2.5,0.0,12000.0,0.0,750.0
2018-05-29 14:58:26.603015,1023.0,2.5,0.0,12000.0,0.0,750.0
2018-05-29 14:58:26.808179,1023.0,2.5,0.0,12000.0,0.0,750.0
2018-05-29 14:58:27.015344,1023.0,2.5,0.0,12000.0,0.0,750.0
2018-05-29 14:58:27.218507,1023.0,2.5,0.0,12000.0,0.0,750.0
2018-05-29 14:58:27.422670,1023.0,2.5,0.0,12000.0,0.0,750.0
2018-05-29 14:58:27.628835,1023.0,2.5,0.0,12000.0,0.0,750.0
2018-05-29 14:58:27.833999,1023.0,2.5,0.0,12000.0,0.0,750.0
2018-05-29 14:58:28.036160,1023.0,2.5,0.0,12000.0,0.0,750.0
2018-05-29 14:58:28.240323,1023.0,2.5,0.0,12000.0,0.0,750.0
2018-05-29 14:58:28.445487,1023.0,2.5,0.0,12000.0,0.0,750.0
2018-05-29 14:58:28.652653,1023.0,2.5,0.0,12000.0,0.0,750.0
2018-05-29 14:58:28.867825,1023.0,2.5,0.0,12000.0,0.0,750.0
2018-05-29 14:58:29.077993,1023.0,2.5,0.0,12000.0,0.0,750.0
2018-05-29 14:58:29.284158,1023.0,2.5,0.0,12000.0,0.0,750.0
2018-05-29 14:58:29.503333,1023.0,2.5,0.0,12000.0,0.0,750.0
2018-05-29 14:58:29.706495,1023.0,2.5,0.0,12000.0,0.0,750.0
2018-05-29 14:58:29.910659,1023.0,2.5,0.0,12000.0,0.0,750.0
2018-05-29 14:58:30.114822,1023.0,2.5,0.0,12000.0,0.0,750.0
2018-05-29 14:58:30.316983,1023.0,2.5,0.0,12000.0,0.0,750.0
2018-05-29 14:58:30.530154,1023.0,2.5,0.0,12000.0,0.0,750.0
2018-05-29 14:58:30.734317,1023.0,2.5,0.0,12000.0,0.0,750.0
2018-05-29 14:58:30.937479,1023.0,2.5,0.0,12000.0,0.0,750.0
2018-05-29 14:58:31.144645,1023.0,2.5,0.0,12000.0,0.0,750.0
2018-05-29 14:58:31.346807,1023.0,2.5,0.0,12000.0,0.0,750.0
2018-05-29 14:58:31.558976,1023.0,2.5,0.0,12000.0,0.0,750.0
2018-05-29 14:58:31.765141,1023.0,2.5,0.0,12000.0,0.0,750.0
2018-05-29 14:58:31.972307,1023.0,2.5,0.0,12000.0,0.0,750.0
2018-05-29 14:58:32.172467,1023.0,2.5,0.0,12000.0,0.0,750.0
2018-05-29 14:58:32.380633,1023.0,2.5,0.0,12000.0,0.0,750.0
2018-05-29 14:58:32.583795,1023.0,2.5,0.0,12000.0,0.0,750.0
2018-05-29 14:58:32.788959,1023.0,2.5,0.0,12000.0,0.0,750.0
2018-05-29 14:58:32.988119,1023.0,2.5,0.0,12000.0,0.0,750.0
2018-05-29 14:58:33.196285,1023.0,2.5,0.0,12000.0,0.0,750.0
2018-05-29 14:58:33.399447,1023.0,2.5,0.0,12000.0,0.0,750.0
2018-05-29 14:58:33.603611,1023.0,2.5,0.0,12000.0,0.0,750.0
2018-05-29 14:58:33.809775,1023.0,2.5,0.0,12000.0,0.0,750.0
2018-05-29 14:58:34.014939,1023.0,2.5,0.0,12000.0,0.0,750.0
2018-05-29 14:58:34.218102,1023.0,2.5,0.0,12000.0,0.0,750.0
2018-05-29 14:58:34.421264,1023.0,2.5,0.0,12000.0,0.0,750.0
2018-05-29 14:58:34.625427,1023.0,2.5,0.0,12000.0,0.0,750.0
2018-05-29 14:58:34.831592,1023.0,2.5,0.0,12000.0,0.0,750.0
2018-05-29 14:58:35.036756,1023.0,2.5,0.0,12000.0,0.0,750.0
2018-05-29 14:58:35.240919,1023.0,2.5,0.0,12000.0,0.0,750.0
2018-05-29 14:58:35.450087,1023.0,2.5,0.0,12000.0,0.0,750.0
2018-05-29 14:58:35.657252,1023.0,2.5,0.0,12000.0,0.0,750.0
2018-05-29 14:58:35.858413,1023.0,2.5,0.0,12000.0,0.0,750.0
2018-05-29 14:58:36.064578,1023.0,2.5,0.0,12000.0,0.0,750.0
2018-05-29 14:58:36.269742,1023.0,2.5,0.0,12000.0,0.0,750.0
2018-05-29 14:58:36.474906,1023.0,2.5,0.0,12000.0,0.0,750.0
2018-05-29 14:58:36.681071,1023.0,2.5,0.0,12000.0,0.0,750.0
2018-05-29 14:58:36.881231,1023.0,2.5,0.0,12000.0,0.0,750.0
2018-05-29 14:58:37.084393,1023.0,2.5,0.0,12000.0,0.0,750.0
2018-05-29 14:58:37.292559,1023.0,2.5,0.0,12000.0,0.0,750.0
2018-05-29 14:58:37.497723,1023.0,2.5,0.0,12000.0,0.0,750.0
2018-05-29 14:58:37.703888,1023.0,2.5,0.0,12000.0,0.0,750.0
2018-05-29 14:58:37.913055,1023.0,2.5,0.0,12000.0,0.0,750.0
2018-05-29 14:58:38.114216,1023.0,2.5,0.0,12000.0,0.0,750.0
2018-05-29 14:58:38.317379,1023.0,2.5,0.0,12000.0,0.0,750.0
2018-05-29 14:58:38.523543,1023.0,2.5,0.0,12000.0,0.0,750.0
2018-05-29 14:58:38.731710,1023.0,2.5,0.0,12000.0,0.0,750.0
2018-05-29 14:58:38.935873,1023.0,2.5,0.0,12000.0,0.0,750.0
2018-05-29 14:58:39.153047,1023.0,2.5,0.0,12000.0,0.0,750.0
2018-05-29 14:58:39.357210,1023.0,2.5,0.0,12000.0,0.0,750.0
2018-05-29 14:58:39.565376,1023.0,2.5,0.0,12000.0,0.0,750.0
2018-05-29 14:58:39.770540,1023.0,2.5,0.0,12000.0,0.0,750.0
2018-05-29 14:58:40.010732,1023.0,2.5,0.0,12000.0,0.0,750.0
2018-05-29 14:58:40.185872,1023.0,2.5,0.0,12000.0,0.0,750.0
2018-05-29 14:58:40.392037,1023.0,2.5,0.0,12000.0,0.0,750.0
2018-05-29 14:58:40.601204,1023.0,2.5,0.0,12000.0,0.0,750.0
2018-05-29 14:58:40.802365,1023.0,2.5,0.0,12000.0,0.0,750.0
2018-05-29 14:58:41.005527,1023.0,2.5,0.0,12000.0,0.0,750.0
2018-05-29 14:58:41.209691,1023.0,2.5,0.0,12000.0,0.0,750.0
2018-05-29 14:58:41.413854,1023.0,2.5,0.0,12000.0,0.0,750.0
2018-05-29 14:58:41.619018,1023.0,2.5,0.0,12000.0,0.0,750.0
2018-05-29 14:58:41.823181,1023.0,2.5,0.0,12000.0,0.0,750.0
2018-05-29 14:58:42.030347,1023.0,2.5,0.0,12000.0,0.0,750.0
2018-05-29 14:58:42.234510,1023.0,2.5,0.0,12000.0,0.0,750.0
2018-05-29 14:58:42.436671,1023.0,2.5,0.0,12000.0,0.0,750.0
2018-05-29 14:58:42.644838,1023.0,2.5,0.0,12000.0,0.0,750.0
2018-05-29 14:58:42.881027,1023.0,2.5,0.0,12000.0,0.0,750.0
2018-05-29 14:58:43.106207,1023.0,2.5,0.0,12000.0,0.0,750.0
2018-05-29 14:58:43.307367,1023.0,2.5,0.0,12000.0,0.0,750.0
2018-05-29 14:58:43.510530,1023.0,2.5,0.0,12000.0,0.0,750.0
2018-05-29 14:58:43.723700,1023.0,2.5,0.0,12000.0,0.0,750.0
2018-05-29 14:58:43.926863,1023.0,2.5,0.0,12000.0,0.0,750.0
2018-05-29 14:58:44.131026,1023.0,2.5,0.0,12000.0,0.0,750.0
2018-05-29 14:58:44.334188,1023.0,2.5,0.0,12000.0,0.0,750.0
2018-05-29 14:58:44.536350,1023.0,2.5,0.0,12000.0,0.0,750.0
2018-05-29 14:58:44.751522,1023.0,2.5,0.0,12000.0,0.0,750.0
2018-05-29 14:58:44.955685,1023.0,2.5,0.0,12000.0,0.0,750.0
2018-05-29 14:58:45.159848,1023.0,2.5,0.0,12000.0,0.0,750.0
2018-05-29 14:58:45.361009,1023.0,2.5,0.0,12000.0,0.0,750.0
2018-05-29 14:58:45.567174,1023.0,2.5,0.0,12000.0,0.0,750.0
2018-05-29 14:58:45.769335,1023.0,2.5,0.0,12000.0,0.0,750.0
2018-05-29 14:58:45.975500,1023.0,2.5,0.0,12000.0,0.0,750.0
2018-05-29 14:58:46.181665,1023.0,2.5,0.0,12000.0,0.0,750.0
2018-05-29 14:58:46.383827,1023.0,2.5,0.0,12000.0,0.0,750.0
2018-05-29 14:58:46.585988,1023.0,2.5,0.0,12000.0,0.0,750.0
2018-05-29 14:58:46.794155,1023.0,2.5,0.0,12000.0,0.0,750.0
2018-05-29 14:58:47.002321,1023.0,2.5,0.0,12000.0,0.0,750.0
2018-05-29 14:58:47.219495,1023.0,2.5,0.0,12000.0,0.0,750.0
2018-05-29 14:58:47.434667,1023.0,2.5,0.0,12000.0,0.0,750.0
2018-05-29 14:58:47.639831,1023.0,2.5,0.0,12000.0,0.0,750.0
2018-05-29 14:58:47.864010,1023.0,2.5,0.0,12000.0,0.0,750.0
2018-05-29 14:58:48.081183,1023.0,2.5,0.0,12000.0,0.0,750.0
2018-05-29 14:58:48.294354,1023.0,2.5,0.0,12000.0,0.0,750.0
2018-05-29 14:58:48.497516,1023.0,2.5,0.0,12000.0,0.0,750.0
2018-05-29 14:58:48.705683,1023.0,2.5,0.0,12000.0,0.0,750.0
2018-05-29 14:58:48.905843,1023.0,2.5,0.0,12000.0,0.0,750.0
2018-05-29 14:58:49.111007,1023.0,2.5,0.0,12000.0,0.0,750.0
2018-05-29 14:58:49.317171,1023.0,2.5,0.0,12000.0,0.0,750.0
2018-05-29 14:58:49.523336,1023.0,2.5,0.0,12000.0,0.0,750.0
2018-05-29 14:58:49.730502,1023.0,2.5,0.0,12000.0,0.0,750.0
2018-05-29 14:58:49.933664,1023.0,2.5,0.0,12000.0,0.0,750.0
2018-05-29 14:58:50.142831,1023.0,2.5,0.0,12000.0,0.0,750.0
2018-05-29 14:58:50.345994,1023.0,2.5,0.0,12000.0,0.0,750.0
2018-05-29 14:58:50.571174,1023.0,2.5,0.0,12000.0,0.0,750.0
2018-05-29 14:58:50.779340,1023.0,2.5,0.0,12000.0,0.0,750.0
2018-05-29 14:58:50.989508,1023.0,2.5,0.0,12000.0,0.0,750.0
2018-05-29 14:58:51.191670,1023.0,2.5,0.0,12000.0,0.0,750.0
2018-05-29 14:58:51.393831,1023.0,2.5,0.0,12000.0,0.0,750.0
2018-05-29 14:58:51.600997,1023.0,2.5,0.0,12000.0,0.0,750.0
2018-05-29 14:58:51.810164,1023.0,2.5,0.0,12000.0,0.0,750.0
2018-05-29 14:58:52.014327,1023.0,2.5,0.0,12000.0,0.0,750.0
2018-05-29 14:58:52.221493,1023.0,2.5,0.0,12000.0,0.0,750.0
2018-05-29 14:58:52.427658,1023.0,2.5,0.0,12000.0,0.0,750.0
2018-05-29 14:58:52.630820,1023.0,2.5,0.0,12000.0,0.0,750.0
2018-05-29 14:58:52.845992,1023.0,2.5,0.0,12000.0,0.0,750.0
2018-05-29 14:58:53.049155,1023.0,2.5,0.0,12000.0,0.0,750.0
2018-05-29 14:58:53.251316,1023.0,2.5,0.0,12000.0,0.0,750.0
2018-05-29 14:58:53.456480,1023.0,2.5,0.0,12000.0,0.0,750.0
2018-05-29 14:58:53.660643,1023.0,2.5,0.0,12000.0,0.0,750.0
2018-05-29 14:58:53.872813,1023.0,2.5,0.0,12000.0,0.0,750.0
2018-05-29 14:58:54.075975,1023.0,2.5,0.0,12000.0,0.0,750.0
2018-05-29 14:58:54.281139,1023.0,2.5,0.0,12000.0,0.0,750.0
2018-05-29 14:58:54.484302,1023.0,2.5,0.0,12000.0,0.0,750.0
2018-05-29 14:58:54.690467,1023.0,2.5,0.0,12000.0,0.0,750.0
2018-05-29 14:58:54.899634,1023.0,2.5,0.0,12000.0,0.0,750.0
2018-05-29 14:58:55.105799,1023.0,2.5,0.0,12000.0,0.0,750.0
2018-05-29 14:58:55.311963,1023.0,2.5,0.0,12000.0,0.0,750.0
2018-05-29 14:58:55.516127,1023.0,2.5,0.0,12000.0,0.0,750.0
2018-05-29 14:58:55.720290,1023.0,2.5,0.0,12000.0,0.0,750.0
2018-05-29 14:58:55.926455,1023.0,2.5,0.0,12000.0,0.0,750.0
2018-05-29 14:58:56.131619,1023.0,2.5,0.0,12000.0,0.0,750.0
2018-05-29 14:58:56.375814,1023.0,2.5,0.0,12000.0,0.0,750.0
2018-05-29 14:58:56.577975,1023.0,2.5,0.0,12000.0,0.0,750.0
2018-05-29 14:58:56.782139,1023.0,2.5,0.0,12000.0,0.0,750.0
2018-05-29 14:58:56.987303,1023.0,2.5,0.0,12000.0,0.0,750.0
2018-05-29 14:58:57.189464,1023.0,2.5,0.0,12000.0,0.0,750.0
2018-05-29 14:58:57.397631,1023.0,2.5,0.0,12000.0,0.0,750.0
2018-05-29 14:58:57.601794,1023.0,2.5,0.0,12000.0,0.0,750.0
2018-05-29 14:58:57.807959,1023.0,2.5,0.0,12000.0,0.0,750.0
2018-05-29 14:58:58.011121,1023.0,2.5,0.0,12000.0,0.0,750.0
2018-05-29 14:58:58.215284,1023.0,2.5,0.0,12000.0,0.0,750.0
2018-05-29 14:58:58.424451,1023.0,2.5,0.0,12000.0,0.0,750.0
2018-05-29 14:58:58.628615,1023.0,2.5,0.0,12000.0,0.0,750.0
2018-05-29 14:58:58.832778,1023.0,2.5,0.0,12000.0,0.0,750.0
2018-05-29 14:58:59.035940,1023.0,2.5,0.0,12000.0,0.0,750.0
2018-05-29 14:58:59.243106,1023.0,2.5,0.0,12000.0,0.0,750.0
2018-05-29 14:58:59.457277,1023.0,2.5,0.0,12000.0,0.0,750.0
2018-05-29 14:58:59.662441,1023.0,2.5,0.0,12000.0,0.0,750.0
2018-05-29 14:58:59.867605,1023.0,2.5,0.0,12000.0,0.0,750.0
2018-05-29 14:59:00.072769,1023.0,2.5,0.0,12000.0,0.0,750.0
2018-05-29 14:59:00.274931,1023.0,2.5,0.0,12000.0,0.0,750.0
2018-05-29 14:59:00.489102,1023.0,2.5,0.0,12000.0,0.0,750.0
2018-05-29 14:59:00.695267,1023.0,2.5,0.0,12000.0,0.0,750.0
2018-05-29 14:59:00.898429,1023.0,2.5,0.0,12000.0,0.0,750.0
2018-05-29 14:59:01.104594,1023.0,2.5,0.0,12000.0,0.0,750.0
2018-05-29 14:59:01.313761,1023.0,2.5,0.0,12000.0,0.0,750.0
2018-05-29 14:59:01.515923,1023.0,2.5,0.0,12000.0,0.0,750.0
2018-05-29 14:59:01.722087,1023.0,2.5,0.0,12000.0,0.0,750.0
2018-05-29 14:59:01.927251,1023.0,2.5,0.0,12000.0,0.0,750.0
2018-05-29 14:59:02.129413,1023.0,2.5,0.0,12000.0,0.0,750.0
2018-05-29 14:59:02.334577,1023.0,2.5,0.0,12000.0,0.0,750.0
2018-05-29 14:59:02.537739,1023.0,2.5,0.0,12000.0,0.0,750.0
2018-05-29 14:59:02.742903,1023.0,2.5,0.0,12000.0,0.0,750.0
2018-05-29 14:59:02.951070,1023.0,2.5,0.0,12000.0,0.0,750.0
2018-05-29 14:59:03.152231,1023.0,2.5,0.0,12000.0,0.0,750.0
2018-05-29 14:59:03.358395,1023.0,2.5,0.0,12000.0,0.0,750.0
2018-05-29 14:59:03.560557,1023.0,2.5,0.0,12000.0,0.0,750.0
2018-05-29 14:59:03.765721,1023.0,2.5,0.0,12000.0,0.0,750.0
2018-05-29 14:59:03.969884,1023.0,2.5,0.0,12000.0,0.0,750.0
2018-05-29 14:59:04.173047,1023.0,2.5,0.0,12000.0,0.0,750.0
2018-05-29 14:59:04.381213,1023.0,2.5,0.0,12000.0,0.0,750.0
2018-05-29 14:59:04.582374,1023.0,2.5,0.0,12000.0,0.0,750.0
2018-05-29 14:59:04.785536,1023.0,2.5,0.0,12000.0,0.0,750.0
2018-05-29 14:59:04.988699,1023.0,2.5,0.0,12000.0,0.0,750.0
2018-05-29 14:59:05.192862,1023.0,2.5,0.0,12000.0,0.0,750.0
2018-05-29 14:59:05.404031,1023.0,2.5,0.0,12000.0,0.0,750.0
2018-05-29 14:59:05.610195,1023.0,2.5,0.0,12000.0,0.0,750.0
2018-05-29 14:59:05.814359,1023.0,2.5,0.0,12000.0,0.0,750.0
2018-05-29 14:59:06.020523,1023.0,2.5,0.0,12000.0,0.0,750.0
2018-05-29 14:59:06.223686,1023.0,2.5,0.0,12000.0,0.0,750.0
2018-05-29 14:59:06.426848,1023.0,2.5,0.0,12000.0,0.0,750.0
2018-05-29 14:59:06.631011,1023.0,2.5,0.0,12000.0,0.0,750.0
2018-05-29 14:59:06.836175,1023.0,2.5,0.0,12000.0,0.0,750.0
2018-05-29 14:59:07.044342,1023.0,2.5,0.0,12000.0,0.0,750.0
2018-05-29 14:59:07.248505,1023.0,2.5,0.0,12000.0,0.0,750.0
2018-05-29 14:59:07.452668,1023.0,2.5,0.0,12000.0,0.0,750.0
2018-05-29 14:59:07.659834,1023.0,2.5,0.0,12000.0,0.0,750.0
2018-05-29 14:59:07.865999,1023.0,2.5,0.0,12000.0,0.0,750.0
2018-05-29 14:59:08.081171,1023.0,2.5,0.0,12000.0,0.0,750.0
2018-05-29 14:59:08.284333,1023.0,2.5,0.0,12000.0,0.0,750.0
2018-05-29 14:59:08.487495,1023.0,2.5,0.0,12000.0,0.0,750.0
2018-05-29 14:59:08.690658,1023.0,2.5,0.0,12000.0,0.0,750.0
2018-05-29 14:59:08.894821,1023.0,2.5,0.0,12000.0,0.0,750.0
2018-05-29 14:59:09.102987,1023.0,2.5,0.0,12000.0,0.0,750.0
2018-05-29 14:59:09.311154,1023.0,2.5,0.0,12000.0,0.0,750.0
2018-05-29 14:59:09.517319,1023.0,2.5,0.0,12000.0,0.0,750.0
2018-05-29 14:59:09.720481,1023.0,2.5,0.0,12000.0,0.0,750.0
2018-05-29 14:59:09.926646,1023.0,2.5,0.0,12000.0,0.0,750.0
2018-05-29 14:59:10.137815,1023.0,2.5,0.0,12000.0,0.0,750.0
2018-05-29 14:59:10.339976,1023.0,2.5,0.0,12000.0,0.0,750.0
2018-05-29 14:59:10.544139,1023.0,2.5,0.0,12000.0,0.0,750.0
2018-05-29 14:59:10.751305,1023.0,2.5,0.0,12000.0,0.0,750.0
2018-05-29 14:59:10.957470,1023.0,2.5,0.0,12000.0,0.0,750.0
2018-05-29 14:59:11.160632,1023.0,2.5,0.0,12000.0,0.0,750.0
2018-05-29 14:59:11.364795,1023.0,2.5,0.0,12000.0,0.0,750.0
2018-05-29 14:59:11.570960,1023.0,2.5,0.0,12000.0,0.0,750.0
2018-05-29 14:59:11.773122,1023.0,2.5,0.0,12000.0,0.0,750.0
2018-05-29 14:59:11.976284,1023.0,2.5,0.0,12000.0,0.0,750.0
2018-05-29 14:59:12.178446,1023.0,2.5,0.0,12000.0,0.0,750.0
2018-05-29 14:59:12.384611,1023.0,2.5,0.0,12000.0,0.0,750.0
2018-05-29 14:59:12.589775,1023.0,2.5,0.0,12000.0,0.0,750.0
2018-05-29 14:59:12.793938,1023.0,2.5,0.0,12000.0,0.0,750.0
2018-05-29 14:59:12.999102,1023.0,2.5,0.0,12000.0,0.0,750.0
2018-05-29 14:59:13.207268,1023.0,2.5,0.0,12000.0,0.0,750.0
2018-05-29 14:59:13.414434,1023.0,2.5,0.0,12000.0,0.0,750.0
2018-05-29 14:59:13.616595,1023.0,2.5,0.0,12000.0,0.0,750.0
2018-05-29 14:59:13.820759,1023.0,2.5,0.0,12000.0,0.0,750.0
2018-05-29 14:59:14.022920,1023.0,2.5,0.0,12000.0,0.0,750.0
2018-05-29 14:59:14.262111,1023.0,2.5,0.0,12000.0,0.0,750.0
2018-05-29 14:59:14.511311,1023.0,2.5,0.0,12000.0,0.0,750.0
2018-05-29 14:59:14.712471,1023.0,2.5,0.0,12000.0,0.0,750.0
2018-05-29 14:59:14.915634,1023.0,2.5,0.0,12000.0,0.0,750.0
2018-05-29 14:59:15.118796,1023.0,2.5,0.0,12000.0,0.0,750.0
2018-05-29 14:59:15.337971,1023.0,2.5,0.0,12000.0,0.0,750.0
2018-05-29 14:59:15.545137,1023.0,2.5,0.0,12000.0,0.0,750.0
2018-05-29 14:59:15.750301,1023.0,2.5,0.0,12000.0,0.0,750.0
2018-05-29 14:59:15.957467,1023.0,2.5,0.0,12000.0,0.0,750.0
2018-05-29 14:59:16.163631,1023.0,2.5,0.0,12000.0,0.0,750.0
2018-05-29 14:59:16.366794,1023.0,2.5,0.0,12000.0,0.0,750.0
2018-05-29 14:59:16.573959,1023.0,2.5,0.0,12000.0,0.0,750.0
2018-05-29 14:59:16.780124,1023.0,2.5,0.0,12000.0,0.0,750.0
2018-05-29 14:59:16.983287,1023.0,2.5,0.0,12000.0,0.0,750.0
2018-05-29 14:59:17.196457,1023.0,2.5,0.0,12000.0,0.0,750.0
2018-05-29 14:59:17.400620,1023.0,2.5,0.0,12000.0,0.0,750.0
2018-05-29 14:59:17.605784,1023.0,2.5,0.0,12000.0,0.0,750.0
2018-05-29 14:59:17.809947,1023.0,2.5,0.0,12000.0,0.0,750.0
2018-05-29 14:59:18.017113,1023.0,2.5,0.0,12000.0,0.0,750.0
2018-05-29 14:59:18.236288,1023.0,2.5,0.0,12000.0,0.0,750.0
2018-05-29 14:59:18.438450,1023.0,2.5,0.0,12000.0,0.0,750.0
2018-05-29 14:59:18.643614,1023.0,2.5,0.0,12000.0,0.0,750.0
2018-05-29 14:59:18.844775,1023.0,2.5,0.0,12000.0,0.0,750.0
2018-05-29 14:59:19.135007,1023.0,2.5,0.0,12000.0,0.0,750.0
2018-05-29 14:59:19.356183,1023.0,2.5,0.0,12000.0,0.0,750.0
2018-05-29 14:59:19.560347,1023.0,2.5,0.0,12000.0,0.0,750.0
2018-05-29 14:59:19.772516,1023.0,2.5,0.0,12000.0,0.0,750.0
2018-05-29 14:59:19.978681,1023.0,2.5,0.0,12000.0,0.0,750.0
2018-05-29 14:59:20.183845,1023.0,2.5,0.0,12000.0,0.0,750.0
2018-05-29 14:59:20.387007,1023.0,2.5,0.0,12000.0,0.0,750.0
2018-05-29 14:59:20.591171,1023.0,2.5,0.0,12000.0,0.0,750.0
2018-05-29 14:59:20.792331,1023.0,2.5,0.0,12000.0,0.0,750.0
2018-05-29 14:59:20.996495,1023.0,2.5,0.0,12000.0,0.0,750.0
2018-05-29 14:59:21.234685,1023.0,2.5,0.0,12000.0,0.0,750.0
2018-05-29 14:59:21.440850,1023.0,2.5,0.0,12000.0,0.0,750.0
2018-05-29 14:59:21.645013,1023.0,2.5,0.0,12000.0,0.0,750.0
2018-05-29 14:59:21.849176,1023.0,2.5,0.0,12000.0,0.0,750.0
2018-05-29 14:59:22.051338,1023.0,2.5,0.0,12000.0,0.0,750.0
2018-05-29 14:59:22.255501,1023.0,2.5,0.0,12000.0,0.0,750.0
2018-05-29 14:59:22.479680,1023.0,2.5,0.0,12000.0,0.0,750.0
2018-05-29 14:59:22.681842,1023.0,2.5,0.0,12000.0,0.0,750.0
2018-05-29 14:59:22.925036,1023.0,2.5,0.0,12000.0,0.0,750.0
2018-05-29 14:59:23.091169,1023.0,2.5,0.0,12000.0,0.0,750.0
2018-05-29 14:59:23.300336,1023.0,2.5,0.0,12000.0,0.0,750.0
2018-05-29 14:59:23.504499,1023.0,2.5,0.0,12000.0,0.0,750.0
2018-05-29 14:59:23.708663,1023.0,2.5,0.0,12000.0,0.0,750.0
2018-05-29 14:59:23.913827,1023.0,2.5,0.0,12000.0,0.0,750.0
2018-05-29 14:59:24.126997,1023.0,2.5,0.0,12000.0,0.0,750.0
2018-05-29 14:59:24.342169,1023.0,2.5,0.0,12000.0,0.0,750.0
2018-05-29 14:59:24.546332,1023.0,2.5,0.0,12000.0,0.0,750.0
2018-05-29 14:59:24.752497,1023.0,2.5,0.0,12000.0,0.0,750.0
2018-05-29 14:59:24.957661,1023.0,2.5,0.0,12000.0,0.0,750.0
2018-05-29 14:59:25.162825,1023.0,2.5,0.0,12000.0,0.0,750.0
2018-05-29 14:59:25.367989,1023.0,2.5,0.0,12000.0,0.0,750.0
2018-05-29 14:59:25.571151,1023.0,2.5,0.0,12000.0,0.0,750.0
2018-05-29 14:59:25.778317,1023.0,2.5,0.0,12000.0,0.0,750.0
2018-05-29 14:59:25.984482,1023.0,2.5,0.0,12000.0,0.0,750.0
2018-05-29 14:59:26.189646,1023.0,2.5,0.0,12000.0,0.0,750.0
2018-05-29 14:59:26.394810,1023.0,2.5,0.0,12000.0,0.0,750.0
2018-05-29 14:59:26.600975,1023.0,2.5,0.0,12000.0,0.0,750.0
2018-05-29 14:59:26.806139,1023.0,2.5,0.0,12000.0,0.0,750.0
2018-05-29 14:59:27.012303,1023.0,2.5,0.0,12000.0,0.0,750.0
2018-05-29 14:59:27.219469,1023.0,2.5,0.0,12000.0,0.0,750.0
2018-05-29 14:59:27.423632,1023.0,2.5,0.0,12000.0,0.0,750.0
2018-05-29 14:59:27.627795,1023.0,2.5,0.0,12000.0,0.0,750.0
2018-05-29 14:59:27.832959,1023.0,2.5,0.0,12000.0,0.0,750.0
2018-05-29 14:59:28.037123,1023.0,2.5,0.0,12000.0,0.0,750.0
2018-05-29 14:59:28.245289,1023.0,2.5,0.0,12000.0,0.0,750.0
2018-05-29 14:59:28.450453,1023.0,2.5,0.0,12000.0,0.0,750.0
2018-05-29 14:59:28.655617,1023.0,2.5,0.0,12000.0,0.0,750.0
2018-05-29 14:59:28.863783,1023.0,2.5,0.0,12000.0,0.0,750.0
2018-05-29 14:59:29.067947,1023.0,2.5,0.0,12000.0,0.0,750.0
2018-05-29 14:59:29.272110,1023.0,2.5,0.0,12000.0,0.0,750.0
2018-05-29 14:59:29.475272,1023.0,2.5,0.0,12000.0,0.0,750.0
2018-05-29 14:59:29.681437,1023.0,2.5,0.0,12000.0,0.0,750.0
2018-05-29 14:59:29.892606,1023.0,2.5,0.0,12000.0,0.0,750.0
2018-05-29 14:59:30.096769,1023.0,2.5,0.0,12000.0,0.0,750.0
2018-05-29 14:59:30.301933,1023.0,2.5,0.0,12000.0,0.0,750.0
2018-05-29 14:59:30.507097,1023.0,2.5,0.0,12000.0,0.0,750.0
2018-05-29 14:59:30.708258,1023.0,2.5,0.0,12000.0,0.0,750.0
2018-05-29 14:59:30.921428,1023.0,2.5,0.0,12000.0,0.0,750.0
2018-05-29 14:59:31.124591,1023.0,2.5,0.0,12000.0,0.0,750.0
2018-05-29 14:59:31.330755,1023.0,2.5,0.0,12000.0,0.0,750.0
2018-05-29 14:59:31.535919,1023.0,2.5,0.0,12000.0,0.0,750.0
2018-05-29 14:59:31.740083,1023.0,2.5,0.0,12000.0,0.0,750.0
2018-05-29 14:59:31.953253,1023.0,2.5,0.0,12000.0,0.0,750.0
2018-05-29 14:59:32.155415,1023.0,2.5,0.0,12000.0,0.0,750.0
2018-05-29 14:59:32.359578,1023.0,2.5,0.0,12000.0,0.0,750.0
2018-05-29 14:59:32.566743,1023.0,2.5,0.0,12000.0,0.0,750.0
2018-05-29 14:59:32.770907,1023.0,2.5,0.0,12000.0,0.0,750.0
2018-05-29 14:59:32.976071,1023.0,2.5,0.0,12000.0,0.0,750.0
2018-05-29 14:59:33.178232,1023.0,2.5,0.0,12000.0,0.0,750.0
2018-05-29 14:59:33.382395,1023.0,2.5,0.0,12000.0,0.0,750.0
2018-05-29 14:59:33.585558,1023.0,2.5,0.0,12000.0,0.0,750.0
2018-05-29 14:59:33.789721,1023.0,2.5,0.0,12000.0,0.0,750.0
2018-05-29 14:59:33.994885,1023.0,2.5,0.0,12000.0,0.0,750.0
2018-05-29 14:59:34.200049,1023.0,2.5,0.0,12000.0,0.0,750.0
2018-05-29 14:59:34.403211,1023.0,2.5,0.0,12000.0,0.0,750.0
2018-05-29 14:59:34.607375,1023.0,2.5,0.0,12000.0,0.0,750.0
2018-05-29 14:59:34.810537,1023.0,2.5,0.0,12000.0,0.0,750.0
2018-05-29 14:59:35.012699,1023.0,2.5,0.0,12000.0,0.0,750.0
2018-05-29 14:59:35.213859,1023.0,2.5,0.0,12000.0,0.0,750.0
2018-05-29 14:59:35.421025,1023.0,2.5,0.0,12000.0,0.0,750.0
2018-05-29 14:59:35.627190,1023.0,2.5,0.0,12000.0,0.0,750.0
2018-05-29 14:59:35.833355,1023.0,2.5,0.0,12000.0,0.0,750.0
2018-05-29 14:59:36.037518,1023.0,2.5,0.0,12000.0,0.0,750.0
2018-05-29 14:59:36.238679,1023.0,2.5,0.0,12000.0,0.0,750.0
2018-05-29 14:59:36.440840,1023.0,2.5,0.0,12000.0,0.0,750.0
2018-05-29 14:59:36.642001,1023.0,2.5,0.0,12000.0,0.0,750.0
2018-05-29 14:59:36.848166,1023.0,2.5,0.0,12000.0,0.0,750.0
2018-05-29 14:59:37.050327,1023.0,2.5,0.0,12000.0,0.0,750.0
2018-05-29 14:59:37.255491,1023.0,2.5,0.0,12000.0,0.0,750.0
2018-05-29 14:59:37.458654,1023.0,2.5,0.0,12000.0,0.0,750.0
2018-05-29 14:59:37.661816,1023.0,2.5,0.0,12000.0,0.0,750.0
2018-05-29 14:59:37.867981,1023.0,2.5,0.0,12000.0,0.0,750.0
2018-05-29 14:59:38.072144,1023.0,2.5,0.0,12000.0,0.0,750.0
2018-05-29 14:59:38.275307,1023.0,2.5,0.0,12000.0,0.0,750.0
2018-05-29 14:59:38.479470,1023.0,2.5,0.0,12000.0,0.0,750.0
2018-05-29 14:59:38.685635,1023.0,2.5,0.0,12000.0,0.0,750.0
2018-05-29 14:59:38.893801,1023.0,2.5,0.0,12000.0,0.0,750.0
2018-05-29 14:59:39.096963,1023.0,2.5,0.0,12000.0,0.0,750.0
2018-05-29 14:59:39.298124,1023.0,2.5,0.0,12000.0,0.0,750.0
2018-05-29 14:59:39.505290,1023.0,2.5,0.0,12000.0,0.0,750.0
2018-05-29 14:59:39.710454,1023.0,2.5,0.0,12000.0,0.0,750.0
2018-05-29 14:59:39.916619,1023.0,2.5,0.0,12000.0,0.0,750.0
2018-05-29 14:59:40.120782,1023.0,2.5,0.0,12000.0,0.0,750.0
2018-05-29 14:59:40.325946,1023.0,2.5,0.0,12000.0,0.0,750.0
2018-05-29 14:59:40.532111,1023.0,2.5,0.0,12000.0,0.0,750.0
2018-05-29 14:59:40.740277,1023.0,2.5,0.0,12000.0,0.0,750.0
2018-05-29 14:59:40.947443,1023.0,2.5,0.0,12000.0,0.0,750.0
2018-05-29 14:59:41.151606,1023.0,2.5,0.0,12000.0,0.0,750.0
2018-05-29 14:59:41.358771,1023.0,2.5,0.0,12000.0,0.0,750.0
2018-05-29 14:59:41.568939,1023.0,2.5,0.0,12000.0,0.0,750.0
2018-05-29 14:59:41.776105,1023.0,2.5,0.0,12000.0,0.0,750.0
2018-05-29 14:59:41.979267,1023.0,2.5,0.0,12000.0,0.0,750.0
2018-05-29 14:59:42.182430,1023.0,2.5,0.0,12000.0,0.0,750.0
2018-05-29 14:59:42.388595,1023.0,2.5,0.0,12000.0,0.0,750.0
2018-05-29 14:59:42.602766,1023.0,2.5,0.0,12000.0,0.0,750.0
2018-05-29 14:59:42.803927,1023.0,2.5,0.0,12000.0,0.0,750.0
2018-05-29 14:59:43.008090,1023.0,2.5,0.0,12000.0,0.0,750.0
2018-05-29 14:59:43.214255,1023.0,2.5,0.0,12000.0,0.0,750.0
2018-05-29 14:59:43.420419,1023.0,2.5,0.0,12000.0,0.0,750.0
2018-05-29 14:59:43.636592,1023.0,2.5,0.0,12000.0,0.0,750.0
2018-05-29 14:59:43.838754,1023.0,2.5,0.0,12000.0,0.0,750.0
2018-05-29 14:59:44.042917,1023.0,2.5,0.0,12000.0,0.0,750.0
2018-05-29 14:59:44.247080,1023.0,2.5,0.0,12000.0,0.0,750.0
2018-05-29 14:59:44.452244,1023.0,2.5,0.0,12000.0,0.0,750.0
2018-05-29 14:59:44.657408,1023.0,2.5,0.0,12000.0,0.0,750.0
2018-05-29 14:59:44.862572,1023.0,2.5,0.0,12000.0,0.0,750.0
2018-05-29 14:59:45.067736,1023.0,2.5,0.0,12000.0,0.0,750.0
2018-05-29 14:59:45.274902,1023.0,2.5,0.0,12000.0,0.0,750.0
2018-05-29 14:59:45.478064,1023.0,2.5,0.0,12000.0,0.0,750.0
2018-05-29 14:59:45.684229,1023.0,2.5,0.0,12000.0,0.0,750.0
2018-05-29 14:59:45.899401,1023.0,2.5,0.0,12000.0,0.0,750.0
2018-05-29 14:59:46.163612,1023.0,2.5,0.0,12000.0,0.0,750.0
2018-05-29 14:59:46.404805,1023.0,2.5,0.0,12000.0,0.0,750.0
2018-05-29 14:59:46.635990,1023.0,2.5,0.0,12000.0,0.0,750.0
2018-05-29 14:59:46.885189,1023.0,2.5,0.0,12000.0,0.0,750.0
2018-05-29 14:59:47.091354,1023.0,2.5,0.0,12000.0,0.0,750.0
2018-05-29 14:59:47.297519,1023.0,2.5,0.0,12000.0,0.0,750.0
2018-05-29 14:59:47.507687,1023.0,2.5,0.0,12000.0,0.0,750.0
2018-05-29 14:59:47.709848,1023.0,2.5,0.0,12000.0,0.0,750.0
2018-05-29 14:59:47.915012,1023.0,2.5,0.0,12000.0,0.0,750.0
2018-05-29 14:59:48.119175,1023.0,2.5,0.0,12000.0,0.0,750.0
2018-05-29 14:59:48.320336,1023.0,2.5,0.0,12000.0,0.0,750.0
2018-05-29 14:59:48.527502,1023.0,2.5,0.0,12000.0,0.0,750.0
2018-05-29 14:59:48.732666,1023.0,2.5,0.0,12000.0,0.0,750.0
2018-05-29 14:59:48.936829,1023.0,2.5,0.0,12000.0,0.0,750.0
2018-05-29 14:59:49.139991,1023.0,2.5,0.0,12000.0,0.0,750.0
2018-05-29 14:59:49.343154,1023.0,2.5,0.0,12000.0,0.0,750.0
2018-05-29 14:59:49.545315,1023.0,2.5,0.0,12000.0,0.0,750.0
2018-05-29 14:59:49.749479,1023.0,2.5,0.0,12000.0,0.0,750.0
2018-05-29 14:59:49.950639,1023.0,2.5,0.0,12000.0,0.0,750.0
2018-05-29 14:59:50.154803,1023.0,2.5,0.0,12000.0,0.0,750.0
2018-05-29 14:59:50.357965,1023.0,2.5,0.0,12000.0,0.0,750.0
2018-05-29 14:59:50.560127,1023.0,2.5,0.0,12000.0,0.0,750.0
2018-05-29 14:59:50.763289,1023.0,2.5,0.0,12000.0,0.0,750.0
2018-05-29 14:59:50.968453,1023.0,2.5,0.0,12000.0,0.0,750.0
2018-05-29 14:59:51.172616,1023.0,2.5,0.0,12000.0,0.0,750.0
2018-05-29 14:59:51.379782,1023.0,2.5,0.0,12000.0,0.0,750.0
2018-05-29 14:59:51.588949,1023.0,2.5,0.0,12000.0,0.0,750.0
2018-05-29 14:59:51.795114,1023.0,2.5,0.0,12000.0,0.0,750.0
2018-05-29 14:59:52.000278,1023.0,2.5,0.0,12000.0,0.0,750.0
2018-05-29 14:59:52.208444,1023.0,2.5,0.0,12000.0,0.0,750.0
2018-05-29 14:59:52.411607,1023.0,2.5,0.0,12000.0,0.0,750.0
2018-05-29 14:59:52.617771,1023.0,2.5,0.0,12000.0,0.0,750.0
2018-05-29 14:59:52.821935,1023.0,2.5,0.0,12000.0,0.0,750.0
2018-05-29 14:59:53.026098,1023.0,2.5,0.0,12000.0,0.0,750.0
2018-05-29 14:59:53.238267,1023.0,2.5,0.0,12000.0,0.0,750.0
2018-05-29 14:59:53.446434,1023.0,2.5,0.0,12000.0,0.0,750.0
2018-05-29 14:59:53.653599,1023.0,2.5,0.0,12000.0,0.0,750.0
2018-05-29 14:59:53.857763,1023.0,2.5,0.0,12000.0,0.0,750.0
2018-05-29 14:59:54.063927,1023.0,2.5,0.0,12000.0,0.0,750.0
2018-05-29 14:59:54.277098,1023.0,2.5,0.0,12000.0,0.0,750.0
2018-05-29 14:59:54.481261,1023.0,2.5,0.0,12000.0,0.0,750.0
2018-05-29 14:59:54.685424,1023.0,2.5,0.0,12000.0,0.0,750.0
2018-05-29 14:59:54.889587,1023.0,2.5,0.0,12000.0,0.0,750.0
2018-05-29 14:59:55.105760,1023.0,2.5,0.0,12000.0,0.0,750.0
2018-05-29 14:59:55.311925,1023.0,2.5,0.0,12000.0,0.0,750.0
2018-05-29 14:59:55.518090,1023.0,2.5,0.0,12000.0,0.0,750.0
2018-05-29 14:59:55.723254,1023.0,2.5,0.0,12000.0,0.0,750.0
2018-05-29 14:59:55.930419,1023.0,2.5,0.0,12000.0,0.0,750.0
2018-05-29 14:59:56.137585,1023.0,2.5,0.0,12000.0,0.0,750.0
2018-05-29 14:59:56.340747,1023.0,2.5,0.0,12000.0,0.0,750.0
2018-05-29 14:59:56.581940,1023.0,2.5,0.0,12000.0,0.0,750.0
2018-05-29 14:59:56.796111,1023.0,2.5,0.0,12000.0,0.0,750.0
2018-05-29 14:59:56.999274,1023.0,2.5,0.0,12000.0,0.0,750.0
2018-05-29 14:59:57.206439,1023.0,2.5,0.0,12000.0,0.0,750.0
2018-05-29 14:59:57.411603,1023.0,2.5,0.0,12000.0,0.0,750.0
2018-05-29 14:59:57.615767,1023.0,2.5,0.0,12000.0,0.0,750.0
2018-05-29 14:59:57.829938,1023.0,2.5,0.0,12000.0,0.0,750.0
2018-05-29 14:59:58.033100,1023.0,2.5,0.0,12000.0,0.0,750.0
2018-05-29 14:59:58.241267,1023.0,2.5,0.0,12000.0,0.0,750.0
2018-05-29 14:59:58.447431,1023.0,2.5,0.0,12000.0,0.0,750.0
2018-05-29 14:59:58.653596,1023.0,2.5,0.0,12000.0,0.0,750.0
2018-05-29 14:59:58.855758,1023.0,2.5,0.0,12000.0,0.0,750.0
2018-05-29 14:59:59.056919,1023.0,2.5,0.0,12000.0,0.0,750.0
2018-05-29 14:59:59.261082,1023.0,2.5,0.0,12000.0,0.0,750.0
2018-05-29 14:59:59.467247,1023.0,2.5,0.0,12000.0,0.0,750.0
2018-05-29 14:59:59.708439,1023.0,2.5,0.0,12000.0,0.0,750.0
2018-05-29 14:59:59.912603,1023.0,2.5,0.0,12000.0,0.0,750.0
2018-05-29 15:00:00.117767,1023.0,2.5,0.0,12000.0,0.0,750.0
2018-05-29 15:00:00.323931,1023.0,2.5,0.0,12000.0,0.0,750.0
2018-05-29 15:00:00.525092,1023.0,2.5,0.0,12000.0,0.0,750.0
2018-05-29 15:00:00.732258,1023.0,2.5,0.0,12000.0,0.0,750.0
2018-05-29 15:00:00.939423,1023.0,2.5,0.0,12000.0,0.0,750.0
2018-05-29 15:00:01.142586,1023.0,2.5,0.0,12000.0,0.0,750.0
2018-05-29 15:00:01.354755,1023.0,2.5,0.0,12000.0,0.0,750.0
2018-05-29 15:00:01.559919,1023.0,2.5,0.0,12000.0,0.0,750.0
2018-05-29 15:00:01.765083,1023.0,2.5,0.0,12000.0,0.0,750.0
2018-05-29 15:00:01.989263,1023.0,2.5,0.0,12000.0,0.0,750.0
2018-05-29 15:00:02.195427,1023.0,2.5,0.0,12000.0,0.0,750.0
2018-05-29 15:00:02.413602,1023.0,2.5,0.0,12000.0,0.0,750.0
2018-05-29 15:00:02.622769,1023.0,2.5,0.0,12000.0,0.0,750.0
2018-05-29 15:00:02.828934,1023.0,2.5,0.0,12000.0,0.0,750.0
2018-05-29 15:00:03.035099,1023.0,2.5,0.0,12000.0,0.0,750.0
2018-05-29 15:00:03.240263,1023.0,2.5,0.0,12000.0,0.0,750.0
2018-05-29 15:00:03.444426,1023.0,2.5,0.0,12000.0,0.0,750.0
2018-05-29 15:00:03.650591,1023.0,2.5,0.0,12000.0,0.0,750.0
2018-05-29 15:00:03.856755,1023.0,2.5,0.0,12000.0,0.0,750.0
2018-05-29 15:00:04.060919,1023.0,2.5,0.0,12000.0,0.0,750.0
2018-05-29 15:00:04.263080,1023.0,2.5,0.0,12000.0,0.0,750.0
2018-05-29 15:00:04.467243,1023.0,2.5,0.0,12000.0,0.0,750.0
2018-05-29 15:00:04.671407,1023.0,2.5,0.0,12000.0,0.0,750.0
2018-05-29 15:00:04.877571,1023.0,2.5,0.0,12000.0,0.0,750.0
2018-05-29 15:00:05.081735,1023.0,2.5,0.0,12000.0,0.0,750.0
2018-05-29 15:00:05.285898,1023.0,2.5,0.0,12000.0,0.0,750.0
2018-05-29 15:00:05.488059,1023.0,2.5,0.0,12000.0,0.0,750.0
2018-05-29 15:00:05.692223,1023.0,2.5,0.0,12000.0,0.0,750.0
2018-05-29 15:00:05.898387,1023.0,2.5,0.0,12000.0,0.0,750.0
2018-05-29 15:00:06.105553,1023.0,2.5,0.0,12000.0,0.0,750.0
2018-05-29 15:00:06.308715,1023.0,2.5,0.0,12000.0,0.0,750.0
2018-05-29 15:00:06.510877,1023.0,2.5,0.0,12000.0,0.0,750.0
2018-05-29 15:00:06.714039,1023.0,2.5,0.0,12000.0,0.0,750.0
2018-05-29 15:00:06.918203,1023.0,2.5,0.0,12000.0,0.0,750.0
2018-05-29 15:00:07.123367,1023.0,2.5,0.0,12000.0,0.0,750.0
2018-05-29 15:00:07.331533,1023.0,2.5,0.0,12000.0,0.0,750.0
2018-05-29 15:00:07.534695,1023.0,2.5,0.0,12000.0,0.0,750.0
2018-05-29 15:00:07.739859,1023.0,2.5,0.0,12000.0,0.0,750.0
2018-05-29 15:00:07.956032,1023.0,2.5,0.0,12000.0,0.0,750.0
2018-05-29 15:00:08.162197,1023.0,2.5,0.0,12000.0,0.0,750.0
2018-05-29 15:00:08.369363,1023.0,2.5,0.0,12000.0,0.0,750.0
2018-05-29 15:00:08.574527,1023.0,2.5,0.0,12000.0,0.0,750.0
2018-05-29 15:00:08.779691,1023.0,2.5,0.0,12000.0,0.0,750.0
2018-05-29 15:00:08.992861,1023.0,2.5,0.0,12000.0,0.0,750.0
2018-05-29 15:00:09.198025,1023.0,2.5,0.0,12000.0,0.0,750.0
2018-05-29 15:00:09.403189,1023.0,2.5,0.0,12000.0,0.0,750.0
2018-05-29 15:00:09.604350,1023.0,2.5,0.0,12000.0,0.0,750.0
2018-05-29 15:00:09.809514,1023.0,2.5,0.0,12000.0,0.0,750.0
2018-05-29 15:00:10.021683,1023.0,2.5,0.0,12000.0,0.0,750.0
2018-05-29 15:00:10.224846,1023.0,2.5,0.0,12000.0,0.0,750.0
2018-05-29 15:00:10.438016,1023.0,2.5,0.0,12000.0,0.0,750.0
2018-05-29 15:00:10.642179,1023.0,2.5,0.0,12000.0,0.0,750.0
2018-05-29 15:00:10.859353,1023.0,2.5,0.0,12000.0,0.0,750.0
2018-05-29 15:00:11.065518,1023.0,2.5,0.0,12000.0,0.0,750.0
2018-05-29 15:00:11.270682,1023.0,2.5,0.0,12000.0,0.0,750.0
2018-05-29 15:00:11.475846,1023.0,2.5,0.0,12000.0,0.0,750.0
2018-05-29 15:00:11.681010,1023.0,2.5,0.0,12000.0,0.0,750.0
2018-05-29 15:00:11.884172,1023.0,2.5,0.0,12000.0,0.0,750.0
2018-05-29 15:00:12.086334,1023.0,2.5,0.0,12000.0,0.0,750.0
2018-05-29 15:00:12.294500,1023.0,2.5,0.0,12000.0,0.0,750.0
2018-05-29 15:00:12.500665,1023.0,2.5,0.0,12000.0,0.0,750.0
2018-05-29 15:00:12.705829,1023.0,2.5,0.0,12000.0,0.0,750.0
2018-05-29 15:00:12.910993,1023.0,2.5,0.0,12000.0,0.0,750.0
2018-05-29 15:00:13.116157,1023.0,2.5,0.0,12000.0,0.0,750.0
2018-05-29 15:00:13.320320,1023.0,2.5,0.0,12000.0,0.0,750.0
2018-05-29 15:00:13.522482,1023.0,2.5,0.0,12000.0,0.0,750.0
2018-05-29 15:00:13.725644,1023.0,2.5,0.0,12000.0,0.0,750.0
2018-05-29 15:00:13.931809,1023.0,2.5,0.0,12000.0,0.0,750.0
2018-05-29 15:00:14.136973,1023.0,2.5,0.0,12000.0,0.0,750.0
2018-05-29 15:00:14.342137,1023.0,2.5,0.0,12000.0,0.0,750.0
2018-05-29 15:00:14.558310,1023.0,2.5,0.0,12000.0,0.0,750.0
2018-05-29 15:00:14.761472,1023.0,2.5,0.0,12000.0,0.0,750.0
2018-05-29 15:00:14.972641,1023.0,2.5,0.0,12000.0,0.0,750.0
2018-05-29 15:00:15.173802,1023.0,2.5,0.0,12000.0,0.0,750.0
2018-05-29 15:00:15.375963,1023.0,2.5,0.0,12000.0,0.0,750.0
2018-05-29 15:00:15.585131,1023.0,2.5,0.0,12000.0,0.0,750.0
2018-05-29 15:00:15.789294,1023.0,2.5,0.0,12000.0,0.0,750.0
2018-05-29 15:00:15.993457,1023.0,2.5,0.0,12000.0,0.0,750.0
2018-05-29 15:00:16.194618,1023.0,2.5,0.0,12000.0,0.0,750.0
2018-05-29 15:00:16.395779,1023.0,2.5,0.0,12000.0,0.0,750.0
2018-05-29 15:00:16.607948,1023.0,2.5,0.0,12000.0,0.0,750.0
2018-05-29 15:00:16.809109,1023.0,2.5,0.0,12000.0,0.0,750.0
2018-05-29 15:00:17.015274,1023.0,2.5,0.0,12000.0,0.0,750.0
2018-05-29 15:00:17.216435,1023.0,2.5,0.0,12000.0,0.0,750.0
2018-05-29 15:00:17.423600,1023.0,2.5,0.0,12000.0,0.0,750.0
2018-05-29 15:00:17.638772,1023.0,2.5,0.0,12000.0,0.0,750.0
2018-05-29 15:00:17.841935,1023.0,2.5,0.0,12000.0,0.0,750.0
2018-05-29 15:00:18.044096,1023.0,2.5,0.0,12000.0,0.0,750.0
2018-05-29 15:00:18.249260,1023.0,2.5,0.0,12000.0,0.0,750.0
2018-05-29 15:00:18.456426,1023.0,2.5,0.0,12000.0,0.0,750.0
2018-05-29 15:00:18.660589,1023.0,2.5,0.0,12000.0,0.0,750.0
2018-05-29 15:00:18.864752,1023.0,2.5,0.0,12000.0,0.0,750.0
2018-05-29 15:00:19.069916,1023.0,2.5,0.0,12000.0,0.0,750.0
2018-05-29 15:00:19.273079,1023.0,2.5,0.0,12000.0,0.0,750.0
2018-05-29 15:00:19.480244,1023.0,2.5,0.0,12000.0,0.0,750.0
2018-05-29 15:00:19.687410,1023.0,2.5,0.0,12000.0,0.0,750.0
2018-05-29 15:00:19.892574,1023.0,2.5,0.0,12000.0,0.0,750.0
2018-05-29 15:00:20.100740,1023.0,2.5,0.0,12000.0,0.0,750.0
2018-05-29 15:00:20.305904,1023.0,2.5,0.0,12000.0,0.0,750.0
2018-05-29 15:00:20.511068,1023.0,2.5,0.0,12000.0,0.0,750.0
2018-05-29 15:00:20.717233,1023.0,2.5,0.0,12000.0,0.0,750.0
2018-05-29 15:00:20.922397,1023.0,2.5,0.0,12000.0,0.0,750.0
2018-05-29 15:00:21.127561,1023.0,2.5,0.0,12000.0,0.0,750.0
2018-05-29 15:00:21.328722,1023.0,2.5,0.0,12000.0,0.0,750.0
2018-05-29 15:00:21.532885,1023.0,2.5,0.0,12000.0,0.0,750.0
2018-05-29 15:00:21.739050,1023.0,2.5,0.0,12000.0,0.0,750.0
2018-05-29 15:00:21.942212,1023.0,2.5,0.0,12000.0,0.0,750.0
2018-05-29 15:00:22.146375,1023.0,2.5,0.0,12000.0,0.0,750.0
2018-05-29 15:00:22.350539,1023.0,2.5,0.0,12000.0,0.0,750.0
2018-05-29 15:00:22.558705,1023.0,2.5,0.0,12000.0,0.0,750.0
2018-05-29 15:00:22.762868,1023.0,2.5,0.0,12000.0,0.0,750.0
2018-05-29 15:00:22.964029,1023.0,2.5,0.0,12000.0,0.0,750.0
2018-05-29 15:00:23.170194,1023.0,2.5,0.0,12000.0,0.0,750.0
2018-05-29 15:00:23.371355,1023.0,2.5,0.0,12000.0,0.0,750.0
2018-05-29 15:00:23.573516,1023.0,2.5,0.0,12000.0,0.0,750.0
2018-05-29 15:00:23.775678,1023.0,2.5,0.0,12000.0,0.0,750.0
2018-05-29 15:00:23.979841,1023.0,2.5,0.0,12000.0,0.0,750.0
2018-05-29 15:00:24.186006,1023.0,2.5,0.0,12000.0,0.0,750.0
2018-05-29 15:00:24.389168,1023.0,2.5,0.0,12000.0,0.0,750.0
2018-05-29 15:00:24.593331,1023.0,2.5,0.0,12000.0,0.0,750.0
2018-05-29 15:00:24.798495,1023.0,2.5,0.0,12000.0,0.0,750.0
2018-05-29 15:00:25.002659,1023.0,2.5,0.0,12000.0,0.0,750.0
2018-05-29 15:00:25.218831,1023.0,2.5,0.0,12000.0,0.0,750.0
2018-05-29 15:00:25.423995,1023.0,2.5,0.0,12000.0,0.0,750.0
2018-05-29 15:00:25.643171,1023.0,2.5,0.0,12000.0,0.0,750.0
2018-05-29 15:00:25.847334,1023.0,2.5,0.0,12000.0,0.0,750.0
2018-05-29 15:00:26.053499,1023.0,2.5,0.0,12000.0,0.0,750.0
2018-05-29 15:00:26.259663,1023.0,2.5,0.0,12000.0,0.0,750.0
2018-05-29 15:00:26.462826,1023.0,2.5,0.0,12000.0,0.0,750.0
2018-05-29 15:00:26.664987,1023.0,2.5,0.0,12000.0,0.0,750.0
2018-05-29 15:00:26.869151,1023.0,2.5,0.0,12000.0,0.0,750.0
2018-05-29 15:00:27.071312,1023.0,2.5,0.0,12000.0,0.0,750.0
2018-05-29 15:00:27.272473,1023.0,2.5,0.0,12000.0,0.0,750.0
2018-05-29 15:00:27.475635,1023.0,2.5,0.0,12000.0,0.0,750.0
2018-05-29 15:00:27.680799,1023.0,2.5,0.0,12000.0,0.0,750.0
2018-05-29 15:00:27.881960,1023.0,2.5,0.0,12000.0,0.0,750.0
2018-05-29 15:00:28.088125,1023.0,2.5,0.0,12000.0,0.0,750.0
2018-05-29 15:00:28.292288,1023.0,2.5,0.0,12000.0,0.0,750.0
2018-05-29 15:00:28.494450,1023.0,2.5,0.0,12000.0,0.0,750.0
2018-05-29 15:00:28.702616,1023.0,2.5,0.0,12000.0,0.0,750.0
2018-05-29 15:00:28.906779,1023.0,2.5,0.0,12000.0,0.0,750.0
2018-05-29 15:00:29.108941,1023.0,2.5,0.0,12000.0,0.0,750.0
2018-05-29 15:00:29.312103,1023.0,2.5,0.0,12000.0,0.0,750.0
2018-05-29 15:00:29.513264,1023.0,2.5,0.0,12000.0,0.0,750.0
2018-05-29 15:00:29.719429,1023.0,2.5,0.0,12000.0,0.0,750.0
2018-05-29 15:00:29.922591,1023.0,2.5,0.0,12000.0,0.0,750.0
2018-05-29 15:00:30.132759,1023.0,2.5,0.0,12000.0,0.0,750.0
2018-05-29 15:00:30.334921,1023.0,2.5,0.0,12000.0,0.0,750.0
2018-05-29 15:00:30.538083,1023.0,2.5,0.0,12000.0,0.0,750.0
2018-05-29 15:00:30.740245,1023.0,2.5,0.0,12000.0,0.0,750.0
2018-05-29 15:00:30.945409,1023.0,2.5,0.0,12000.0,0.0,750.0
2018-05-29 15:00:31.155577,1023.0,2.5,0.0,12000.0,0.0,750.0
2018-05-29 15:00:31.358739,1023.0,2.5,0.0,12000.0,0.0,750.0
2018-05-29 15:00:31.560901,1023.0,2.5,0.0,12000.0,0.0,750.0
2018-05-29 15:00:31.767066,1023.0,2.5,0.0,12000.0,0.0,750.0
2018-05-29 15:00:31.968227,1023.0,2.5,0.0,12000.0,0.0,750.0
2018-05-29 15:00:32.171389,1023.0,2.5,0.0,12000.0,0.0,750.0
2018-05-29 15:00:32.377554,1023.0,2.5,0.0,12000.0,0.0,750.0
2018-05-29 15:00:32.581717,1023.0,2.5,0.0,12000.0,0.0,750.0
2018-05-29 15:00:32.786881,1023.0,2.5,0.0,12000.0,0.0,750.0
2018-05-29 15:00:32.991044,1023.0,2.5,0.0,12000.0,0.0,750.0
2018-05-29 15:00:33.197209,1023.0,2.5,0.0,12000.0,0.0,750.0
2018-05-29 15:00:33.400371,1023.0,2.5,0.0,12000.0,0.0,750.0
2018-05-29 15:00:33.605535,1023.0,2.5,0.0,12000.0,0.0,750.0
2018-05-29 15:00:33.811700,1023.0,2.5,0.0,12000.0,0.0,750.0
2018-05-29 15:00:34.015863,1023.0,2.5,0.0,12000.0,0.0,750.0
2018-05-29 15:00:34.221027,1023.0,2.5,0.0,12000.0,0.0,750.0
2018-05-29 15:00:34.426191,1023.0,2.5,0.0,12000.0,0.0,750.0
2018-05-29 15:00:34.630355,1023.0,2.5,0.0,12000.0,0.0,750.0
2018-05-29 15:00:34.843525,1023.0,2.5,0.0,12000.0,0.0,750.0
2018-05-29 15:00:35.047688,1023.0,2.5,0.0,12000.0,0.0,750.0
2018-05-29 15:00:35.252852,1023.0,2.5,0.0,12000.0,0.0,750.0
2018-05-29 15:00:35.459017,1023.0,2.5,0.0,12000.0,0.0,750.0
2018-05-29 15:00:35.664181,1023.0,2.5,0.0,12000.0,0.0,750.0
2018-05-29 15:00:35.877351,1023.0,2.5,0.0,12000.0,0.0,750.0
2018-05-29 15:00:36.083516,1023.0,2.5,0.0,12000.0,0.0,750.0
2018-05-29 15:00:36.287679,1023.0,2.5,0.0,12000.0,0.0,750.0
2018-05-29 15:00:36.490842,1023.0,2.5,0.0,12000.0,0.0,750.0
2018-05-29 15:00:36.698007,1023.0,2.5,0.0,12000.0,0.0,750.0
2018-05-29 15:00:36.911178,1023.0,2.5,0.0,12000.0,0.0,750.0
2018-05-29 15:00:37.117343,1023.0,2.5,0.0,12000.0,0.0,750.0
2018-05-29 15:00:37.331514,1023.0,2.5,0.0,12000.0,0.0,750.0
2018-05-29 15:00:37.535677,1023.0,2.5,0.0,12000.0,0.0,750.0
2018-05-29 15:00:37.751850,1023.0,2.5,0.0,12000.0,0.0,750.0
2018-05-29 15:00:37.954011,1023.0,2.5,0.0,12000.0,0.0,750.0
2018-05-29 15:00:38.160176,1023.0,2.5,0.0,12000.0,0.0,750.0
2018-05-29 15:00:38.365340,1023.0,2.5,0.0,12000.0,0.0,750.0
2018-05-29 15:00:38.571505,1023.0,2.5,0.0,12000.0,0.0,750.0
2018-05-29 15:00:38.801689,1023.0,2.5,0.0,12000.0,0.0,750.0
2018-05-29 15:00:39.004851,1023.0,2.5,0.0,12000.0,0.0,750.0
2018-05-29 15:00:39.209015,1023.0,2.5,0.0,12000.0,0.0,750.0
2018-05-29 15:00:39.422185,1023.0,2.5,0.0,12000.0,0.0,750.0
2018-05-29 15:00:39.623346,1023.0,2.5,0.0,12000.0,0.0,750.0
2018-05-29 15:00:39.831512,1023.0,2.5,0.0,12000.0,0.0,750.0
2018-05-29 15:00:40.033674,1023.0,2.5,0.0,12000.0,0.0,750.0
2018-05-29 15:00:40.236836,1023.0,2.5,0.0,12000.0,0.0,750.0
2018-05-29 15:00:40.450007,1023.0,2.5,0.0,12000.0,0.0,750.0
2018-05-29 15:00:40.656171,1023.0,2.5,0.0,12000.0,0.0,750.0
2018-05-29 15:00:40.874346,1023.0,2.5,0.0,12000.0,0.0,750.0
2018-05-29 15:00:41.075507,1023.0,2.5,0.0,12000.0,0.0,750.0
2018-05-29 15:00:41.284674,1023.0,2.5,0.0,12000.0,0.0,750.0
2018-05-29 15:00:41.491839,1023.0,2.5,0.0,12000.0,0.0,750.0
2018-05-29 15:00:41.697003,1023.0,2.5,0.0,12000.0,0.0,750.0
2018-05-29 15:00:41.903168,1023.0,2.5,0.0,12000.0,0.0,750.0
2018-05-29 15:00:42.109333,1023.0,2.5,0.0,12000.0,0.0,750.0
2018-05-29 15:00:42.311495,1023.0,2.5,0.0,12000.0,0.0,750.0
2018-05-29 15:00:42.517659,1023.0,2.5,0.0,12000.0,0.0,750.0
2018-05-29 15:00:42.719821,1023.0,2.5,0.0,12000.0,0.0,750.0
2018-05-29 15:00:42.923984,1023.0,2.5,0.0,12000.0,0.0,750.0
2018-05-29 15:00:43.131150,1023.0,2.5,0.0,12000.0,0.0,750.0
2018-05-29 15:00:43.335313,1023.0,2.5,0.0,12000.0,0.0,750.0
2018-05-29 15:00:43.539476,1023.0,2.5,0.0,12000.0,0.0,750.0
2018-05-29 15:00:43.742639,1023.0,2.5,0.0,12000.0,0.0,750.0
2018-05-29 15:00:43.944800,1023.0,2.5,0.0,12000.0,0.0,750.0
2018-05-29 15:00:44.150965,1023.0,2.5,0.0,12000.0,0.0,750.0
2018-05-29 15:00:44.357130,1023.0,2.5,0.0,12000.0,0.0,750.0
2018-05-29 15:00:44.560292,1023.0,2.5,0.0,12000.0,0.0,750.0
2018-05-29 15:00:44.764455,1023.0,2.5,0.0,12000.0,0.0,750.0
2018-05-29 15:00:44.966617,1023.0,2.5,0.0,12000.0,0.0,750.0
2018-05-29 15:00:45.169779,1023.0,2.5,0.0,12000.0,0.0,750.0
2018-05-29 15:00:45.375944,1023.0,2.5,0.0,12000.0,0.0,750.0
2018-05-29 15:00:45.579107,1023.0,2.5,0.0,12000.0,0.0,750.0
2018-05-29 15:00:45.787273,1023.0,2.5,0.0,12000.0,0.0,750.0
2018-05-29 15:00:45.991436,1023.0,2.5,0.0,12000.0,0.0,750.0
2018-05-29 15:00:46.196600,1023.0,2.5,0.0,12000.0,0.0,750.0
2018-05-29 15:00:46.400763,1023.0,2.5,0.0,12000.0,0.0,750.0
2018-05-29 15:00:46.606928,1023.0,2.5,0.0,12000.0,0.0,750.0
2018-05-29 15:00:46.811091,1023.0,2.5,0.0,12000.0,0.0,750.0
2018-05-29 15:00:47.016255,1023.0,2.5,0.0,12000.0,0.0,750.0
2018-05-29 15:00:47.229426,1023.0,2.5,0.0,12000.0,0.0,750.0
2018-05-29 15:00:47.436591,1023.0,2.5,0.0,12000.0,0.0,750.0
2018-05-29 15:00:47.641755,1023.0,2.5,0.0,12000.0,0.0,750.0
2018-05-29 15:00:47.843917,1023.0,2.5,0.0,12000.0,0.0,750.0
2018-05-29 15:00:48.057087,1023.0,2.5,0.0,12000.0,0.0,750.0
2018-05-29 15:00:48.260250,1023.0,2.5,0.0,12000.0,0.0,750.0
2018-05-29 15:00:48.466415,1023.0,2.5,0.0,12000.0,0.0,750.0
2018-05-29 15:00:48.672579,1023.0,2.5,0.0,12000.0,0.0,750.0
2018-05-29 15:00:48.877743,1023.0,2.5,0.0,12000.0,0.0,750.0
2018-05-29 15:00:49.090914,1023.0,2.5,0.0,12000.0,0.0,750.0
2018-05-29 15:00:49.298079,1023.0,2.5,0.0,12000.0,0.0,750.0
2018-05-29 15:00:49.500241,1023.0,2.5,0.0,12000.0,0.0,750.0
2018-05-29 15:00:49.703403,1023.0,2.5,0.0,12000.0,0.0,750.0
2018-05-29 15:00:49.911570,1023.0,2.5,0.0,12000.0,0.0,750.0
2018-05-29 15:00:50.119736,1023.0,2.5,0.0,12000.0,0.0,750.0
2018-05-29 15:00:50.323899,1023.0,2.5,0.0,12000.0,0.0,750.0
2018-05-29 15:00:50.532066,1023.0,2.5,0.0,12000.0,0.0,750.0
2018-05-29 15:00:50.736229,1023.0,2.5,0.0,12000.0,0.0,750.0
2018-05-29 15:00:50.941393,1023.0,2.5,0.0,12000.0,0.0,750.0
2018-05-29 15:00:51.145556,1023.0,2.5,0.0,12000.0,0.0,750.0
2018-05-29 15:00:51.349719,1023.0,2.5,0.0,12000.0,0.0,750.0
2018-05-29 15:00:51.554883,1023.0,2.5,0.0,12000.0,0.0,750.0
2018-05-29 15:00:51.762049,1023.0,2.5,0.0,12000.0,0.0,750.0
2018-05-29 15:00:51.969215,1023.0,2.5,0.0,12000.0,0.0,750.0
2018-05-29 15:00:52.174379,1023.0,2.5,0.0,12000.0,0.0,750.0
2018-05-29 15:00:52.376540,1023.0,2.5,0.0,12000.0,0.0,750.0
2018-05-29 15:00:52.582705,1023.0,2.5,0.0,12000.0,0.0,750.0
2018-05-29 15:00:52.789871,1023.0,2.5,0.0,12000.0,0.0,750.0
2018-05-29 15:00:52.992032,1023.0,2.5,0.0,12000.0,0.0,750.0
2018-05-29 15:00:53.196195,1023.0,2.5,0.0,12000.0,0.0,750.0
2018-05-29 15:00:53.402360,1023.0,2.5,0.0,12000.0,0.0,750.0
2018-05-29 15:00:53.606523,1023.0,2.5,0.0,12000.0,0.0,750.0
2018-05-29 15:00:53.813689,1023.0,2.5,0.0,12000.0,0.0,750.0
2018-05-29 15:00:54.018853,1023.0,2.5,0.0,12000.0,0.0,750.0
2018-05-29 15:00:54.220014,1023.0,2.5,0.0,12000.0,0.0,750.0
2018-05-29 15:00:54.424177,1023.0,2.5,0.0,12000.0,0.0,750.0
2018-05-29 15:00:54.640350,1023.0,2.5,0.0,12000.0,0.0,750.0
2018-05-29 15:00:54.842511,1023.0,2.5,0.0,12000.0,0.0,750.0
2018-05-29 15:00:55.049677,1023.0,2.5,0.0,12000.0,0.0,750.0
2018-05-29 15:00:55.258844,1023.0,2.5,0.0,12000.0,0.0,750.0
2018-05-29 15:00:55.463007,1023.0,2.5,0.0,12000.0,0.0,750.0
2018-05-29 15:00:55.682183,1023.0,2.5,0.0,12000.0,0.0,750.0
2018-05-29 15:00:55.887347,1023.0,2.5,0.0,12000.0,0.0,750.0
2018-05-29 15:00:56.091510,1023.0,2.5,0.0,12000.0,0.0,750.0
2018-05-29 15:00:56.295673,1023.0,2.5,0.0,12000.0,0.0,750.0
2018-05-29 15:00:56.496834,1023.0,2.5,0.0,12000.0,0.0,750.0
2018-05-29 15:00:56.742030,1023.0,2.5,0.0,12000.0,0.0,750.0
2018-05-29 15:00:56.995232,1023.0,2.5,0.0,12000.0,0.0,750.0
2018-05-29 15:00:57.232422,1023.0,2.5,0.0,12000.0,0.0,750.0
2018-05-29 15:00:57.465608,1023.0,2.5,0.0,12000.0,0.0,750.0
2018-05-29 15:00:57.670772,1023.0,2.5,0.0,12000.0,0.0,750.0
2018-05-29 15:00:57.895952,1023.0,2.5,0.0,12000.0,0.0,750.0
2018-05-29 15:00:58.101116,1023.0,2.5,0.0,12000.0,0.0,750.0
2018-05-29 15:00:58.304279,1023.0,2.5,0.0,12000.0,0.0,750.0
2018-05-29 15:00:58.511444,1023.0,2.5,0.0,12000.0,0.0,750.0
2018-05-29 15:00:58.725615,1023.0,2.5,0.0,12000.0,0.0,750.0
2018-05-29 15:00:58.930779,1023.0,2.5,0.0,12000.0,0.0,750.0
2018-05-29 15:00:59.137945,1023.0,2.5,0.0,12000.0,0.0,750.0
2018-05-29 15:00:59.341107,1023.0,2.5,0.0,12000.0,0.0,750.0
2018-05-29 15:00:59.545271,1023.0,2.5,0.0,12000.0,0.0,750.0
2018-05-29 15:00:59.746431,1023.0,2.5,0.0,12000.0,0.0,750.0
2018-05-29 15:00:59.947592,1023.0,2.5,0.0,12000.0,0.0,750.0
2018-05-29 15:01:00.152756,1023.0,2.5,0.0,12000.0,0.0,750.0
2018-05-29 15:01:00.355919,1023.0,2.5,0.0,12000.0,0.0,750.0
2018-05-29 15:01:00.562083,1023.0,2.5,0.0,12000.0,0.0,750.0
2018-05-29 15:01:00.763244,1023.0,2.5,0.0,12000.0,0.0,750.0
2018-05-29 15:01:00.964405,1023.0,2.5,0.0,12000.0,0.0,750.0
2018-05-29 15:01:01.167567,1023.0,2.5,0.0,12000.0,0.0,750.0
2018-05-29 15:01:01.370730,1023.0,2.5,0.0,12000.0,0.0,750.0
2018-05-29 15:01:01.576895,1023.0,2.5,0.0,12000.0,0.0,750.0
2018-05-29 15:01:01.781058,1023.0,2.5,0.0,12000.0,0.0,750.0
2018-05-29 15:01:01.984220,1023.0,2.5,0.0,12000.0,0.0,750.0
2018-05-29 15:01:02.188383,1023.0,2.5,0.0,12000.0,0.0,750.0
2018-05-29 15:01:02.393547,1023.0,2.5,0.0,12000.0,0.0,750.0
2018-05-29 15:01:02.596710,1023.0,2.5,0.0,12000.0,0.0,750.0
2018-05-29 15:01:02.802875,1023.0,2.5,0.0,12000.0,0.0,750.0
2018-05-29 15:01:03.006037,1023.0,2.5,0.0,12000.0,0.0,750.0
2018-05-29 15:01:03.213203,1023.0,2.5,0.0,12000.0,0.0,750.0
2018-05-29 15:01:03.415364,1023.0,2.5,0.0,12000.0,0.0,750.0
2018-05-29 15:01:03.624531,1023.0,2.5,0.0,12000.0,0.0,750.0
2018-05-29 15:01:03.826693,1023.0,2.5,0.0,12000.0,0.0,750.0
2018-05-29 15:01:04.029855,1023.0,2.5,0.0,12000.0,0.0,750.0
2018-05-29 15:01:04.237021,1023.0,2.5,0.0,12000.0,0.0,750.0
2018-05-29 15:01:04.443186,1023.0,2.5,0.0,12000.0,0.0,750.0
2018-05-29 15:01:04.649351,1023.0,2.5,0.0,12000.0,0.0,750.0
2018-05-29 15:01:04.852513,1023.0,2.5,0.0,12000.0,0.0,750.0
2018-05-29 15:01:05.053674,1023.0,2.5,0.0,12000.0,0.0,750.0
2018-05-29 15:01:05.258838,1023.0,2.5,0.0,12000.0,0.0,750.0
2018-05-29 15:01:05.464002,1023.0,2.5,0.0,12000.0,0.0,750.0
2018-05-29 15:01:05.670167,1023.0,2.5,0.0,12000.0,0.0,750.0
2018-05-29 15:01:05.873329,1023.0,2.5,0.0,12000.0,0.0,750.0
2018-05-29 15:01:06.077492,1023.0,2.5,0.0,12000.0,0.0,750.0
2018-05-29 15:01:06.282656,1023.0,2.5,0.0,12000.0,0.0,750.0
2018-05-29 15:01:06.488821,1023.0,2.5,0.0,12000.0,0.0,750.0
2018-05-29 15:01:06.693985,1023.0,2.5,0.0,12000.0,0.0,750.0
2018-05-29 15:01:06.895146,1023.0,2.5,0.0,12000.0,0.0,750.0
2018-05-29 15:01:07.101311,1023.0,2.5,0.0,12000.0,0.0,750.0
2018-05-29 15:01:07.309477,1023.0,2.5,0.0,12000.0,0.0,750.0
2018-05-29 15:01:07.515642,1023.0,2.5,0.0,12000.0,0.0,750.0
2018-05-29 15:01:07.719805,1023.0,2.5,0.0,12000.0,0.0,750.0
2018-05-29 15:01:07.921967,1023.0,2.5,0.0,12000.0,0.0,750.0
2018-05-29 15:01:08.126130,1023.0,2.5,0.0,12000.0,0.0,750.0
2018-05-29 15:01:08.329292,1023.0,2.5,0.0,12000.0,0.0,750.0
2018-05-29 15:01:08.534456,1023.0,2.5,0.0,12000.0,0.0,750.0
2018-05-29 15:01:08.736618,1023.0,2.5,0.0,12000.0,0.0,750.0
2018-05-29 15:01:08.942783,1023.0,2.5,0.0,12000.0,0.0,750.0
2018-05-29 15:01:09.143943,1023.0,2.5,0.0,12000.0,0.0,750.0
2018-05-29 15:01:09.351109,1023.0,2.5,0.0,12000.0,0.0,750.0
2018-05-29 15:01:09.553271,1023.0,2.5,0.0,12000.0,0.0,750.0
2018-05-29 15:01:09.756433,1023.0,2.5,0.0,12000.0,0.0,750.0
2018-05-29 15:01:09.958595,1023.0,2.5,0.0,12000.0,0.0,750.0
2018-05-29 15:01:10.163759,1023.0,2.5,0.0,12000.0,0.0,750.0
2018-05-29 15:01:10.378931,1023.0,2.5,0.0,12000.0,0.0,750.0
2018-05-29 15:01:10.581092,1023.0,2.5,0.0,12000.0,0.0,750.0
2018-05-29 15:01:10.787257,1023.0,2.5,0.0,12000.0,0.0,750.0
2018-05-29 15:01:11.000427,1023.0,2.5,0.0,12000.0,0.0,750.0
2018-05-29 15:01:11.206592,1023.0,2.5,0.0,12000.0,0.0,750.0
2018-05-29 15:01:11.420763,1023.0,2.5,0.0,12000.0,0.0,750.0
2018-05-29 15:01:11.623926,1023.0,2.5,0.0,12000.0,0.0,750.0
2018-05-29 15:01:11.826087,1023.0,2.5,0.0,12000.0,0.0,750.0
2018-05-29 15:01:12.032252,1023.0,2.5,0.0,12000.0,0.0,750.0
2018-05-29 15:01:12.235415,1023.0,2.5,0.0,12000.0,0.0,750.0
2018-05-29 15:01:12.438577,1023.0,2.5,0.0,12000.0,0.0,750.0
2018-05-29 15:01:12.639738,1023.0,2.5,0.0,12000.0,0.0,750.0
2018-05-29 15:01:12.845903,1023.0,2.5,0.0,12000.0,0.0,750.0
2018-05-29 15:01:13.052067,1023.0,2.5,0.0,12000.0,0.0,750.0
2018-05-29 15:01:13.258232,1023.0,2.5,0.0,12000.0,0.0,750.0
2018-05-29 15:01:13.460394,1023.0,2.5,0.0,12000.0,0.0,750.0
2018-05-29 15:01:13.837695,1023.0,2.5,0.0,12000.0,0.0,750.0
2018-05-29 15:01:14.080890,1023.0,2.5,0.0,12000.0,0.0,750.0
2018-05-29 15:01:14.289056,1023.0,2.5,0.0,12000.0,0.0,750.0
2018-05-29 15:01:14.495221,1023.0,2.5,0.0,12000.0,0.0,750.0
2018-05-29 15:01:14.697383,1023.0,2.5,0.0,12000.0,0.0,750.0
2018-05-29 15:01:14.901546,1023.0,2.5,0.0,12000.0,0.0,750.0
2018-05-29 15:01:15.105709,1023.0,2.5,0.0,12000.0,0.0,750.0
2018-05-29 15:01:15.311874,1023.0,2.5,0.0,12000.0,0.0,750.0
2018-05-29 15:01:15.516037,1023.0,2.5,0.0,12000.0,0.0,750.0
2018-05-29 15:01:15.722202,1023.0,2.5,0.0,12000.0,0.0,750.0
2018-05-29 15:01:15.930368,1023.0,2.5,0.0,12000.0,0.0,750.0
2018-05-29 15:01:16.133531,1023.0,2.5,0.0,12000.0,0.0,750.0
2018-05-29 15:01:16.338695,1023.0,2.5,0.0,12000.0,0.0,750.0
2018-05-29 15:01:16.542858,1023.0,2.5,0.0,12000.0,0.0,750.0
2018-05-29 15:01:16.749023,1023.0,2.5,0.0,12000.0,0.0,750.0
2018-05-29 15:01:16.952185,1023.0,2.5,0.0,12000.0,0.0,750.0
2018-05-29 15:01:17.157349,1023.0,2.5,0.0,12000.0,0.0,750.0
2018-05-29 15:01:17.371520,1023.0,2.5,0.0,12000.0,0.0,750.0
2018-05-29 15:01:17.575683,1023.0,2.5,0.0,12000.0,0.0,750.0
2018-05-29 15:01:17.780847,1023.0,2.5,0.0,12000.0,0.0,750.0
2018-05-29 15:01:17.993017,1023.0,2.5,0.0,12000.0,0.0,750.0
2018-05-29 15:01:18.196179,1023.0,2.5,0.0,12000.0,0.0,750.0
2018-05-29 15:01:18.400343,1023.0,2.5,0.0,12000.0,0.0,750.0
2018-05-29 15:01:18.608509,1023.0,2.5,0.0,12000.0,0.0,750.0
2018-05-29 15:01:18.813673,1023.0,2.5,0.0,12000.0,0.0,750.0
2018-05-29 15:01:19.023841,1023.0,2.5,0.0,12000.0,0.0,750.0
2018-05-29 15:01:19.229005,1023.0,2.5,0.0,12000.0,0.0,750.0
2018-05-29 15:01:19.433168,1023.0,2.5,0.0,12000.0,0.0,750.0
2018-05-29 15:01:19.636331,1023.0,2.5,0.0,12000.0,0.0,750.0
2018-05-29 15:01:19.839493,1023.0,2.5,0.0,12000.0,0.0,750.0
2018-05-29 15:01:20.049661,1023.0,2.5,0.0,12000.0,0.0,750.0
2018-05-29 15:01:20.251823,1023.0,2.5,0.0,12000.0,0.0,750.0
2018-05-29 15:01:20.458988,1023.0,2.5,0.0,12000.0,0.0,750.0
2018-05-29 15:01:20.662151,1023.0,2.5,0.0,12000.0,0.0,750.0
2018-05-29 15:01:20.867315,1023.0,2.5,0.0,12000.0,0.0,750.0
2018-05-29 15:01:21.068475,1023.0,2.5,0.0,12000.0,0.0,750.0
2018-05-29 15:01:21.271638,1023.0,2.5,0.0,12000.0,0.0,750.0
2018-05-29 15:01:21.477803,1023.0,2.5,0.0,12000.0,0.0,750.0
2018-05-29 15:01:21.681966,1023.0,2.5,0.0,12000.0,0.0,750.0
2018-05-29 15:01:21.886129,1023.0,2.5,0.0,12000.0,0.0,750.0
2018-05-29 15:01:22.087290,1023.0,2.5,0.0,12000.0,0.0,750.0
2018-05-29 15:01:22.294455,1023.0,2.5,0.0,12000.0,0.0,750.0
2018-05-29 15:01:22.502622,1023.0,2.5,0.0,12000.0,0.0,750.0
2018-05-29 15:01:22.703783,1023.0,2.5,0.0,12000.0,0.0,750.0
2018-05-29 15:01:22.985007,1023.0,2.5,0.0,12000.0,0.0,750.0
2018-05-29 15:01:23.188170,1023.0,2.5,0.0,12000.0,0.0,750.0
2018-05-29 15:01:23.390331,1023.0,2.5,0.0,12000.0,0.0,750.0
2018-05-29 15:01:23.605503,1023.0,2.5,0.0,12000.0,0.0,750.0
2018-05-29 15:01:23.832685,1023.0,2.5,0.0,12000.0,0.0,750.0
2018-05-29 15:01:24.046856,1023.0,2.5,0.0,12000.0,0.0,750.0
2018-05-29 15:01:24.262028,1023.0,2.5,0.0,12000.0,0.0,750.0
2018-05-29 15:01:24.471195,1023.0,2.5,0.0,12000.0,0.0,750.0
2018-05-29 15:01:24.751419,1023.0,2.5,0.0,12000.0,0.0,750.0
2018-05-29 15:01:24.997616,1023.0,2.5,0.0,12000.0,0.0,750.0
2018-05-29 15:01:25.198777,1023.0,2.5,0.0,12000.0,0.0,750.0
2018-05-29 15:01:25.404942,1023.0,2.5,0.0,12000.0,0.0,750.0
2018-05-29 15:01:25.667151,1023.0,2.5,0.0,12000.0,0.0,750.0
2018-05-29 15:01:25.915350,1023.0,2.5,0.0,12000.0,0.0,750.0
2018-05-29 15:01:26.125518,1023.0,2.5,0.0,12000.0,0.0,750.0
2018-05-29 15:01:26.328680,1023.0,2.5,0.0,12000.0,0.0,750.0
2018-05-29 15:01:26.537847,1023.0,2.5,0.0,12000.0,0.0,750.0
2018-05-29 15:01:26.742011,1023.0,2.5,0.0,12000.0,0.0,750.0
2018-05-29 15:01:26.943171,1023.0,2.5,0.0,12000.0,0.0,750.0
2018-05-29 15:01:27.156342,1023.0,2.5,0.0,12000.0,0.0,750.0
2018-05-29 15:01:27.362507,1023.0,2.5,0.0,12000.0,0.0,750.0
2018-05-29 15:01:27.586686,1023.0,2.5,0.0,12000.0,0.0,750.0
2018-05-29 15:01:27.837887,1023.0,2.5,0.0,12000.0,0.0,750.0
2018-05-29 15:01:28.044051,1023.0,2.5,0.0,12000.0,0.0,750.0
2018-05-29 15:01:28.251217,1023.0,2.5,0.0,12000.0,0.0,750.0
2018-05-29 15:01:28.454379,1023.0,2.5,0.0,12000.0,0.0,750.0
2018-05-29 15:01:28.670552,1023.0,2.5,0.0,12000.0,0.0,750.0
2018-05-29 15:01:28.874715,1023.0,2.5,0.0,12000.0,0.0,750.0
2018-05-29 15:01:29.080880,1023.0,2.5,0.0,12000.0,0.0,750.0
2018-05-29 15:01:29.286044,1023.0,2.5,0.0,12000.0,0.0,750.0
2018-05-29 15:01:29.490207,1023.0,2.5,0.0,12000.0,0.0,750.0
2018-05-29 15:01:29.692369,1023.0,2.5,0.0,12000.0,0.0,750.0
2018-05-29 15:01:29.897533,1023.0,2.5,0.0,12000.0,0.0,750.0
2018-05-29 15:01:30.101696,1023.0,2.5,0.0,12000.0,0.0,750.0
2018-05-29 15:01:30.304859,1023.0,2.5,0.0,12000.0,0.0,750.0
2018-05-29 15:01:30.513025,1023.0,2.5,0.0,12000.0,0.0,750.0
2018-05-29 15:01:30.719190,1023.0,2.5,0.0,12000.0,0.0,750.0
2018-05-29 15:01:30.924354,1023.0,2.5,0.0,12000.0,0.0,750.0
2018-05-29 15:01:31.127516,1023.0,2.5,0.0,12000.0,0.0,750.0
2018-05-29 15:01:31.334682,1023.0,2.5,0.0,12000.0,0.0,750.0
2018-05-29 15:01:31.542848,1023.0,2.5,0.0,12000.0,0.0,750.0
2018-05-29 15:01:31.747011,1023.0,2.5,0.0,12000.0,0.0,750.0
2018-05-29 15:01:31.951175,1023.0,2.5,0.0,12000.0,0.0,750.0
2018-05-29 15:01:32.174353,1023.0,2.5,0.0,12000.0,0.0,750.0
2018-05-29 15:01:32.377515,1023.0,2.5,0.0,12000.0,0.0,750.0
2018-05-29 15:01:32.592687,1023.0,2.5,0.0,12000.0,0.0,750.0
2018-05-29 15:01:32.799853,1023.0,2.5,0.0,12000.0,0.0,750.0
2018-05-29 15:01:33.004016,1023.0,2.5,0.0,12000.0,0.0,750.0
2018-05-29 15:01:33.216186,1023.0,2.5,0.0,12000.0,0.0,750.0
2018-05-29 15:01:33.421350,1023.0,2.5,0.0,12000.0,0.0,750.0
2018-05-29 15:01:33.625513,1023.0,2.5,0.0,12000.0,0.0,750.0
2018-05-29 15:01:33.827675,1023.0,2.5,0.0,12000.0,0.0,750.0
2018-05-29 15:01:34.032839,1023.0,2.5,0.0,12000.0,0.0,750.0
2018-05-29 15:01:34.245008,1023.0,2.5,0.0,12000.0,0.0,750.0
2018-05-29 15:01:34.452174,1023.0,2.5,0.0,12000.0,0.0,750.0
2018-05-29 15:01:34.658339,1023.0,2.5,0.0,12000.0,0.0,750.0
2018-05-29 15:01:34.862502,1023.0,2.5,0.0,12000.0,0.0,750.0
2018-05-29 15:01:35.067666,1023.0,2.5,0.0,12000.0,0.0,750.0
2018-05-29 15:01:35.279835,1023.0,2.5,0.0,12000.0,0.0,750.0
2018-05-29 15:01:35.525031,1023.0,2.5,0.0,12000.0,0.0,750.0
2018-05-29 15:01:35.730195,1023.0,2.5,0.0,12000.0,0.0,750.0
2018-05-29 15:01:35.980395,1023.0,2.5,0.0,12000.0,0.0,750.0
2018-05-29 15:01:36.211580,1023.0,2.5,0.0,12000.0,0.0,750.0
2018-05-29 15:01:36.414743,1023.0,2.5,0.0,12000.0,0.0,750.0
2018-05-29 15:01:36.621908,1023.0,2.5,0.0,12000.0,0.0,750.0
2018-05-29 15:01:36.826071,1023.0,2.5,0.0,12000.0,0.0,750.0
2018-05-29 15:01:37.032236,1023.0,2.5,0.0,12000.0,0.0,750.0
2018-05-29 15:01:37.273429,1023.0,2.5,0.0,12000.0,0.0,750.0
2018-05-29 15:01:37.478593,1023.0,2.5,0.0,12000.0,0.0,750.0
2018-05-29 15:01:37.682756,1023.0,2.5,0.0,12000.0,0.0,750.0
2018-05-29 15:01:37.885919,1023.0,2.5,0.0,12000.0,0.0,750.0
2018-05-29 15:01:38.090082,1023.0,2.5,0.0,12000.0,0.0,750.0
2018-05-29 15:01:38.304253,1023.0,2.5,0.0,12000.0,0.0,750.0
2018-05-29 15:01:38.511419,1023.0,2.5,0.0,12000.0,0.0,750.0
2018-05-29 15:01:38.715582,1023.0,2.5,0.0,12000.0,0.0,750.0
2018-05-29 15:01:38.919745,1023.0,2.5,0.0,12000.0,0.0,750.0
2018-05-29 15:01:39.124909,1023.0,2.5,0.0,12000.0,0.0,750.0
2018-05-29 15:01:39.339080,1023.0,2.5,0.0,12000.0,0.0,750.0
2018-05-29 15:01:39.542243,1023.0,2.5,0.0,12000.0,0.0,750.0
2018-05-29 15:01:39.745405,1023.0,2.5,0.0,12000.0,0.0,750.0
2018-05-29 15:01:39.947567,1023.0,2.5,0.0,12000.0,0.0,750.0
2018-05-29 15:01:40.151730,1023.0,2.5,0.0,12000.0,0.0,750.0
2018-05-29 15:01:40.354892,1023.0,2.5,0.0,12000.0,0.0,750.0
2018-05-29 15:01:40.558055,1023.0,2.5,0.0,12000.0,0.0,750.0
2018-05-29 15:01:40.762218,1023.0,2.5,0.0,12000.0,0.0,750.0
2018-05-29 15:01:40.982394,1023.0,2.5,0.0,12000.0,0.0,750.0
2018-05-29 15:01:41.186557,1023.0,2.5,0.0,12000.0,0.0,750.0
2018-05-29 15:01:41.389719,1023.0,2.5,0.0,12000.0,0.0,750.0
2018-05-29 15:01:41.593883,1023.0,2.5,0.0,12000.0,0.0,750.0
2018-05-29 15:01:41.798046,1023.0,2.5,0.0,12000.0,0.0,750.0
2018-05-29 15:01:42.000207,1023.0,2.5,0.0,12000.0,0.0,750.0
2018-05-29 15:01:42.205371,1023.0,2.5,0.0,12000.0,0.0,750.0
2018-05-29 15:01:42.410535,1023.0,2.5,0.0,12000.0,0.0,750.0
2018-05-29 15:01:42.615699,1023.0,2.5,0.0,12000.0,0.0,750.0
2018-05-29 15:01:42.819863,1023.0,2.5,0.0,12000.0,0.0,750.0
2018-05-29 15:01:43.024026,1023.0,2.5,0.0,12000.0,0.0,750.0
2018-05-29 15:01:43.230191,1023.0,2.5,0.0,12000.0,0.0,750.0
2018-05-29 15:01:43.435355,1023.0,2.5,0.0,12000.0,0.0,750.0
2018-05-29 15:01:43.641519,1023.0,2.5,0.0,12000.0,0.0,750.0
2018-05-29 15:01:43.847684,1023.0,2.5,0.0,12000.0,0.0,750.0
2018-05-29 15:01:44.061855,1023.0,2.5,0.0,12000.0,0.0,750.0
2018-05-29 15:01:44.266019,1023.0,2.5,0.0,12000.0,0.0,750.0
2018-05-29 15:01:44.472183,1023.0,2.5,0.0,12000.0,0.0,750.0
2018-05-29 15:01:44.675346,1023.0,2.5,0.0,12000.0,0.0,750.0
2018-05-29 15:01:44.879509,1023.0,2.5,0.0,12000.0,0.0,750.0
2018-05-29 15:01:45.084673,1023.0,2.5,0.0,12000.0,0.0,750.0
2018-05-29 15:01:45.290838,1023.0,2.5,0.0,12000.0,0.0,750.0
2018-05-29 15:01:45.495001,1023.0,2.5,0.0,12000.0,0.0,750.0
2018-05-29 15:01:45.701166,1023.0,2.5,0.0,12000.0,0.0,750.0
2018-05-29 15:01:45.916338,1023.0,2.5,0.0,12000.0,0.0,750.0
2018-05-29 15:01:46.121502,1023.0,2.5,0.0,12000.0,0.0,750.0
2018-05-29 15:01:46.327667,1023.0,2.5,0.0,12000.0,0.0,750.0
2018-05-29 15:01:46.531830,1023.0,2.5,0.0,12000.0,0.0,750.0
2018-05-29 15:01:46.734992,1023.0,2.5,0.0,12000.0,0.0,750.0
2018-05-29 15:01:46.953167,1023.0,2.5,0.0,12000.0,0.0,750.0
2018-05-29 15:01:47.158331,1023.0,2.5,0.0,12000.0,0.0,750.0
2018-05-29 15:01:47.364495,1023.0,2.5,0.0,12000.0,0.0,750.0
2018-05-29 15:01:47.568659,1023.0,2.5,0.0,12000.0,0.0,750.0
2018-05-29 15:01:47.780828,1023.0,2.5,0.0,12000.0,0.0,750.0
2018-05-29 15:01:47.984991,1023.0,2.5,0.0,12000.0,0.0,750.0
2018-05-29 15:01:48.190155,1023.0,2.5,0.0,12000.0,0.0,750.0
2018-05-29 15:01:48.395319,1023.0,2.5,0.0,12000.0,0.0,750.0
2018-05-29 15:01:48.599483,1023.0,2.5,0.0,12000.0,0.0,750.0
2018-05-29 15:01:48.803646,1023.0,2.5,0.0,12000.0,0.0,750.0
2018-05-29 15:01:49.006808,1023.0,2.5,0.0,12000.0,0.0,750.0
2018-05-29 15:01:49.209971,1023.0,2.5,0.0,12000.0,0.0,750.0
2018-05-29 15:01:49.418137,1023.0,2.5,0.0,12000.0,0.0,750.0
2018-05-29 15:01:49.621299,1023.0,2.5,0.0,12000.0,0.0,750.0
2018-05-29 15:01:49.828465,1023.0,2.5,0.0,12000.0,0.0,750.0
2018-05-29 15:01:50.033629,1023.0,2.5,0.0,12000.0,0.0,750.0
2018-05-29 15:01:50.237792,1023.0,2.5,0.0,12000.0,0.0,750.0
2018-05-29 15:01:50.445959,1023.0,2.5,0.0,12000.0,0.0,750.0
2018-05-29 15:01:50.649121,1023.0,2.5,0.0,12000.0,0.0,750.0
2018-05-29 15:01:50.857287,1023.0,2.5,0.0,12000.0,0.0,750.0
2018-05-29 15:01:51.058448,1023.0,2.5,0.0,12000.0,0.0,750.0
2018-05-29 15:01:51.264613,1023.0,2.5,0.0,12000.0,0.0,750.0
2018-05-29 15:01:51.470778,1023.0,2.5,0.0,12000.0,0.0,750.0
2018-05-29 15:01:51.676943,1023.0,2.5,0.0,12000.0,0.0,750.0
2018-05-29 15:01:51.881106,1023.0,2.5,0.0,12000.0,0.0,750.0
2018-05-29 15:01:52.086270,1023.0,2.5,0.0,12000.0,0.0,750.0
2018-05-29 15:01:52.288431,1023.0,2.5,0.0,12000.0,0.0,750.0
2018-05-29 15:01:52.501602,1023.0,2.5,0.0,12000.0,0.0,750.0
2018-05-29 15:01:52.704764,1023.0,2.5,0.0,12000.0,0.0,750.0
2018-05-29 15:01:52.908927,1023.0,2.5,0.0,12000.0,0.0,750.0
2018-05-29 15:01:53.113091,1023.0,2.5,0.0,12000.0,0.0,750.0
2018-05-29 15:01:53.316253,1023.0,2.5,0.0,12000.0,0.0,750.0
2018-05-29 15:01:53.527422,1023.0,2.5,0.0,12000.0,0.0,750.0
2018-05-29 15:01:53.733587,1023.0,2.5,0.0,12000.0,0.0,750.0
2018-05-29 15:01:53.937750,1023.0,2.5,0.0,12000.0,0.0,750.0
2018-05-29 15:01:54.142914,1023.0,2.5,0.0,12000.0,0.0,750.0
2018-05-29 15:01:54.347077,1023.0,2.5,0.0,12000.0,0.0,750.0
2018-05-29 15:01:54.562249,1023.0,2.5,0.0,12000.0,0.0,750.0
2018-05-29 15:01:54.767413,1023.0,2.5,0.0,12000.0,0.0,750.0
2018-05-29 15:01:54.972577,1023.0,2.5,0.0,12000.0,0.0,750.0
2018-05-29 15:01:55.178742,1023.0,2.5,0.0,12000.0,0.0,750.0
2018-05-29 15:01:55.383906,1023.0,2.5,0.0,12000.0,0.0,750.0
2018-05-29 15:01:55.587068,1023.0,2.5,0.0,12000.0,0.0,750.0
2018-05-29 15:01:55.791231,1023.0,2.5,0.0,12000.0,0.0,750.0
2018-05-29 15:01:55.995395,1023.0,2.5,0.0,12000.0,0.0,750.0
2018-05-29 15:01:56.198557,1023.0,2.5,0.0,12000.0,0.0,750.0
2018-05-29 15:01:56.405723,1023.0,2.5,0.0,12000.0,0.0,750.0
2018-05-29 15:01:56.608885,1023.0,2.5,0.0,12000.0,0.0,750.0
2018-05-29 15:01:56.819053,1023.0,2.5,0.0,12000.0,0.0,750.0
2018-05-29 15:01:57.023216,1023.0,2.5,0.0,12000.0,0.0,750.0
2018-05-29 15:01:57.227379,1023.0,2.5,0.0,12000.0,0.0,750.0
2018-05-29 15:01:57.442551,1023.0,2.5,0.0,12000.0,0.0,750.0
2018-05-29 15:01:57.645714,1023.0,2.5,0.0,12000.0,0.0,750.0
2018-05-29 15:01:57.851879,1023.0,2.5,0.0,12000.0,0.0,750.0
2018-05-29 15:01:58.056042,1023.0,2.5,0.0,12000.0,0.0,750.0
2018-05-29 15:01:58.259204,1023.0,2.5,0.0,12000.0,0.0,750.0
2018-05-29 15:01:58.465369,1023.0,2.5,0.0,12000.0,0.0,750.0
2018-05-29 15:01:58.668531,1023.0,2.5,0.0,12000.0,0.0,750.0
2018-05-29 15:01:58.873695,1023.0,2.5,0.0,12000.0,0.0,750.0
2018-05-29 15:01:59.076858,1023.0,2.5,0.0,12000.0,0.0,750.0
2018-05-29 15:01:59.279019,1023.0,2.5,0.0,12000.0,0.0,750.0
2018-05-29 15:01:59.491189,1023.0,2.5,0.0,12000.0,0.0,750.0
2018-05-29 15:01:59.695352,1023.0,2.5,0.0,12000.0,0.0,750.0
2018-05-29 15:01:59.901517,1023.0,2.5,0.0,12000.0,0.0,750.0
2018-05-29 15:02:00.115688,1023.0,2.5,0.0,12000.0,0.0,750.0
2018-05-29 15:02:00.319851,1023.0,2.5,0.0,12000.0,0.0,750.0
2018-05-29 15:02:00.526016,1023.0,2.5,0.0,12000.0,0.0,750.0
2018-05-29 15:02:00.729179,1023.0,2.5,0.0,12000.0,0.0,750.0
2018-05-29 15:02:00.931340,1023.0,2.5,0.0,12000.0,0.0,750.0
2018-05-29 15:02:01.145511,1023.0,2.5,0.0,12000.0,0.0,750.0
2018-05-29 15:02:01.349675,1023.0,2.5,0.0,12000.0,0.0,750.0
2018-05-29 15:02:01.555839,1023.0,2.5,0.0,12000.0,0.0,750.0
2018-05-29 15:02:01.760003,1023.0,2.5,0.0,12000.0,0.0,750.0
2018-05-29 15:02:01.965167,1023.0,2.5,0.0,12000.0,0.0,750.0
2018-05-29 15:02:02.178337,1023.0,2.5,0.0,12000.0,0.0,750.0
2018-05-29 15:02:02.382500,1023.0,2.5,0.0,12000.0,0.0,750.0
2018-05-29 15:02:02.589666,1023.0,2.5,0.0,12000.0,0.0,750.0
2018-05-29 15:02:02.792828,1023.0,2.5,0.0,12000.0,0.0,750.0
2018-05-29 15:02:02.996991,1023.0,2.5,0.0,12000.0,0.0,750.0
2018-05-29 15:02:03.203156,1023.0,2.5,0.0,12000.0,0.0,750.0
2018-05-29 15:02:03.409321,1023.0,2.5,0.0,12000.0,0.0,750.0
2018-05-29 15:02:03.615486,1023.0,2.5,0.0,12000.0,0.0,750.0
2018-05-29 15:02:03.821651,1023.0,2.5,0.0,12000.0,0.0,750.0
2018-05-29 15:02:04.029817,1023.0,2.5,0.0,12000.0,0.0,750.0
2018-05-29 15:02:04.232979,1023.0,2.5,0.0,12000.0,0.0,750.0
2018-05-29 15:02:04.438143,1023.0,2.5,0.0,12000.0,0.0,750.0
2018-05-29 15:02:04.656318,1023.0,2.5,0.0,12000.0,0.0,750.0
2018-05-29 15:02:04.861482,1023.0,2.5,0.0,12000.0,0.0,750.0
2018-05-29 15:02:05.066646,1023.0,2.5,0.0,12000.0,0.0,750.0
2018-05-29 15:02:05.271810,1023.0,2.5,0.0,12000.0,0.0,750.0
2018-05-29 15:02:05.475973,1023.0,2.5,0.0,12000.0,0.0,750.0
2018-05-29 15:02:05.689143,1023.0,2.5,0.0,12000.0,0.0,750.0
2018-05-29 15:02:05.892306,1023.0,2.5,0.0,12000.0,0.0,750.0
2018-05-29 15:02:06.095468,1023.0,2.5,0.0,12000.0,0.0,750.0
2018-05-29 15:02:06.300632,1023.0,2.5,0.0,12000.0,0.0,750.0
2018-05-29 15:02:06.502794,1023.0,2.5,0.0,12000.0,0.0,750.0
2018-05-29 15:02:06.715964,1023.0,2.5,0.0,12000.0,0.0,750.0
2018-05-29 15:02:06.919127,1023.0,2.5,0.0,12000.0,0.0,750.0
2018-05-29 15:02:07.123290,1023.0,2.5,0.0,12000.0,0.0,750.0
2018-05-29 15:02:07.328454,1023.0,2.5,0.0,12000.0,0.0,750.0
2018-05-29 15:02:07.533618,1023.0,2.5,0.0,12000.0,0.0,750.0
2018-05-29 15:02:07.748790,1023.0,2.5,0.0,12000.0,0.0,750.0
2018-05-29 15:02:07.951952,1023.0,2.5,0.0,12000.0,0.0,750.0
2018-05-29 15:02:08.157116,1023.0,2.5,0.0,12000.0,0.0,750.0
2018-05-29 15:02:08.362280,1023.0,2.5,0.0,12000.0,0.0,750.0
2018-05-29 15:02:08.566443,1023.0,2.5,0.0,12000.0,0.0,750.0
2018-05-29 15:02:08.768605,1023.0,2.5,0.0,12000.0,0.0,750.0
2018-05-29 15:02:08.973769,1023.0,2.5,0.0,12000.0,0.0,750.0
2018-05-29 15:02:09.178933,1023.0,2.5,0.0,12000.0,0.0,750.0
2018-05-29 15:02:09.385098,1023.0,2.5,0.0,12000.0,0.0,750.0
2018-05-29 15:02:09.589261,1023.0,2.5,0.0,12000.0,0.0,750.0
2018-05-29 15:02:09.795426,1023.0,2.5,0.0,12000.0,0.0,750.0
2018-05-29 15:02:09.998588,1023.0,2.5,0.0,12000.0,0.0,750.0
2018-05-29 15:02:10.204753,1023.0,2.5,0.0,12000.0,0.0,750.0
2018-05-29 15:02:10.411919,1023.0,2.5,0.0,12000.0,0.0,750.0
2018-05-29 15:02:10.618083,1023.0,2.5,0.0,12000.0,0.0,750.0
2018-05-29 15:02:10.822247,1023.0,2.5,0.0,12000.0,0.0,750.0
2018-05-29 15:02:11.049428,1023.0,2.5,0.0,12000.0,0.0,750.0
2018-05-29 15:02:11.254592,1023.0,2.5,0.0,12000.0,0.0,750.0
2018-05-29 15:02:11.460757,1023.0,2.5,0.0,12000.0,0.0,750.0
2018-05-29 15:02:11.667923,1023.0,2.5,0.0,12000.0,0.0,750.0
2018-05-29 15:02:11.871085,1023.0,2.5,0.0,12000.0,0.0,750.0
2018-05-29 15:02:12.074247,1023.0,2.5,0.0,12000.0,0.0,750.0
2018-05-29 15:02:12.278411,1023.0,2.5,0.0,12000.0,0.0,750.0
2018-05-29 15:02:12.484575,1023.0,2.5,0.0,12000.0,0.0,750.0
2018-05-29 15:02:12.689739,1023.0,2.5,0.0,12000.0,0.0,750.0
2018-05-29 15:02:12.894903,1023.0,2.5,0.0,12000.0,0.0,750.0
2018-05-29 15:02:13.100067,1023.0,2.5,0.0,12000.0,0.0,750.0
2018-05-29 15:02:13.314239,1023.0,2.5,0.0,12000.0,0.0,750.0
2018-05-29 15:02:13.518402,1023.0,2.5,0.0,12000.0,0.0,750.0
2018-05-29 15:02:13.723566,1023.0,2.5,0.0,12000.0,0.0,750.0
2018-05-29 15:02:13.928730,1023.0,2.5,0.0,12000.0,0.0,750.0
2018-05-29 15:02:14.134895,1023.0,2.5,0.0,12000.0,0.0,750.0
2018-05-29 15:02:14.349066,1023.0,2.5,0.0,12000.0,0.0,750.0
2018-05-29 15:02:14.550227,1023.0,2.5,0.0,12000.0,0.0,750.0
2018-05-29 15:02:14.755391,1023.0,2.5,0.0,12000.0,0.0,750.0
2018-05-29 15:02:14.959554,1023.0,2.5,0.0,12000.0,0.0,750.0
2018-05-29 15:02:15.162716,1023.0,2.5,0.0,12000.0,0.0,750.0
2018-05-29 15:02:15.373885,1023.0,2.5,0.0,12000.0,0.0,750.0
2018-05-29 15:02:15.576047,1023.0,2.5,0.0,12000.0,0.0,750.0
2018-05-29 15:02:15.781211,1023.0,2.5,0.0,12000.0,0.0,750.0
2018-05-29 15:02:15.983372,1023.0,2.5,0.0,12000.0,0.0,750.0
2018-05-29 15:02:16.186535,1023.0,2.5,0.0,12000.0,0.0,750.0
2018-05-29 15:02:16.389697,1023.0,2.5,0.0,12000.0,0.0,750.0
2018-05-29 15:02:16.593860,1023.0,2.5,0.0,12000.0,0.0,750.0
2018-05-29 15:02:16.801026,1023.0,2.5,0.0,12000.0,0.0,750.0
2018-05-29 15:02:17.005189,1023.0,2.5,0.0,12000.0,0.0,750.0
2018-05-29 15:02:17.210353,1023.0,2.5,0.0,12000.0,0.0,750.0
2018-05-29 15:02:17.415517,1023.0,2.5,0.0,12000.0,0.0,750.0
2018-05-29 15:02:17.618679,1023.0,2.5,0.0,12000.0,0.0,750.0
2018-05-29 15:02:17.824844,1023.0,2.5,0.0,12000.0,0.0,750.0
2018-05-29 15:02:18.028007,1023.0,2.5,0.0,12000.0,0.0,750.0
2018-05-29 15:02:18.239175,1023.0,2.5,0.0,12000.0,0.0,750.0
2018-05-29 15:02:18.441337,1023.0,2.5,0.0,12000.0,0.0,750.0
2018-05-29 15:02:18.646501,1023.0,2.5,0.0,12000.0,0.0,750.0
2018-05-29 15:02:18.850664,1023.0,2.5,0.0,12000.0,0.0,750.0
2018-05-29 15:02:19.055828,1023.0,2.5,0.0,12000.0,0.0,750.0
2018-05-29 15:02:19.259991,1023.0,2.5,0.0,12000.0,0.0,750.0
2018-05-29 15:02:19.464155,1023.0,2.5,0.0,12000.0,0.0,750.0
2018-05-29 15:02:19.670319,1023.0,2.5,0.0,12000.0,0.0,750.0
2018-05-29 15:02:19.875483,1023.0,2.5,0.0,12000.0,0.0,750.0
2018-05-29 15:02:20.079647,1023.0,2.5,0.0,12000.0,0.0,750.0
2018-05-29 15:02:20.284811,1023.0,2.5,0.0,12000.0,0.0,750.0
2018-05-29 15:02:20.487973,1023.0,2.5,0.0,12000.0,0.0,750.0
2018-05-29 15:02:20.691135,1023.0,2.5,0.0,12000.0,0.0,750.0
2018-05-29 15:02:20.897300,1023.0,2.5,0.0,12000.0,0.0,750.0
2018-05-29 15:02:21.102464,1023.0,2.5,0.0,12000.0,0.0,750.0
2018-05-29 15:02:21.307628,1023.0,2.5,0.0,12000.0,0.0,750.0
2018-05-29 15:02:21.509790,1023.0,2.5,0.0,12000.0,0.0,750.0
2018-05-29 15:02:21.712952,1023.0,2.5,0.0,12000.0,0.0,750.0
2018-05-29 15:02:21.916115,1023.0,2.5,0.0,12000.0,0.0,750.0
2018-05-29 15:02:22.122279,1023.0,2.5,0.0,12000.0,0.0,750.0
2018-05-29 15:02:22.327443,1023.0,2.5,0.0,12000.0,0.0,750.0
2018-05-29 15:02:22.531607,1023.0,2.5,0.0,12000.0,0.0,750.0
2018-05-29 15:02:22.737771,1023.0,2.5,0.0,12000.0,0.0,750.0
2018-05-29 15:02:22.943936,1023.0,2.5,0.0,12000.0,0.0,750.0
2018-05-29 15:02:23.150101,1023.0,2.5,0.0,12000.0,0.0,750.0
2018-05-29 15:02:23.359268,1023.0,2.5,0.0,12000.0,0.0,750.0
2018-05-29 15:02:23.562431,1023.0,2.5,0.0,12000.0,0.0,750.0
2018-05-29 15:02:23.768595,1023.0,2.5,0.0,12000.0,0.0,750.0
2018-05-29 15:02:23.981766,1023.0,2.5,0.0,12000.0,0.0,750.0
2018-05-29 15:02:24.186930,1023.0,2.5,0.0,12000.0,0.0,750.0
2018-05-29 15:02:24.392094,1023.0,2.5,0.0,12000.0,0.0,750.0
2018-05-29 15:02:24.597258,1023.0,2.5,0.0,12000.0,0.0,750.0
2018-05-29 15:02:24.801421,1023.0,2.5,0.0,12000.0,0.0,750.0
2018-05-29 15:02:25.015592,1023.0,2.5,0.0,12000.0,0.0,750.0
2018-05-29 15:02:25.220756,1023.0,2.5,0.0,12000.0,0.0,750.0
2018-05-29 15:02:25.428923,1023.0,2.5,0.0,12000.0,0.0,750.0
2018-05-29 15:02:25.632085,1023.0,2.5,0.0,12000.0,0.0,750.0
2018-05-29 15:02:25.836248,1023.0,2.5,0.0,12000.0,0.0,750.0
2018-05-29 15:02:26.040411,1023.0,2.5,0.0,12000.0,0.0,750.0
2018-05-29 15:02:26.244575,1023.0,2.5,0.0,12000.0,0.0,750.0
2018-05-29 15:02:26.448738,1023.0,2.5,0.0,12000.0,0.0,750.0
2018-05-29 15:02:26.668914,1023.0,2.5,0.0,12000.0,0.0,750.0
2018-05-29 15:02:26.875079,1023.0,2.5,0.0,12000.0,0.0,750.0
2018-05-29 15:02:27.079242,1023.0,2.5,0.0,12000.0,0.0,750.0
2018-05-29 15:02:27.281403,1023.0,2.5,0.0,12000.0,0.0,750.0
2018-05-29 15:02:27.507584,1023.0,2.5,0.0,12000.0,0.0,750.0
2018-05-29 15:02:27.729762,1023.0,2.5,0.0,12000.0,0.0,750.0
2018-05-29 15:02:27.934926,1023.0,2.5,0.0,12000.0,0.0,750.0
2018-05-29 15:02:28.138088,1023.0,2.5,0.0,12000.0,0.0,750.0
2018-05-29 15:02:28.341251,1023.0,2.5,0.0,12000.0,0.0,750.0
2018-05-29 15:02:28.552419,1023.0,2.5,0.0,12000.0,0.0,750.0
2018-05-29 15:02:28.755582,1023.0,2.5,0.0,12000.0,0.0,750.0
2018-05-29 15:02:28.959745,1023.0,2.5,0.0,12000.0,0.0,750.0
2018-05-29 15:02:29.162907,1023.0,2.5,0.0,12000.0,0.0,750.0
2018-05-29 15:02:29.367071,1023.0,2.5,0.0,12000.0,0.0,750.0
2018-05-29 15:02:29.590249,1023.0,2.5,0.0,12000.0,0.0,750.0
2018-05-29 15:02:29.796414,1023.0,2.5,0.0,12000.0,0.0,750.0
2018-05-29 15:02:30.000577,1023.0,2.5,0.0,12000.0,0.0,750.0
2018-05-29 15:02:30.203739,1023.0,2.5,0.0,12000.0,0.0,750.0
2018-05-29 15:02:30.408903,1023.0,2.5,0.0,12000.0,0.0,750.0
2018-05-29 15:02:30.614067,1023.0,2.5,0.0,12000.0,0.0,750.0
2018-05-29 15:02:30.819231,1023.0,2.5,0.0,12000.0,0.0,750.0
2018-05-29 15:02:31.028399,1023.0,2.5,0.0,12000.0,0.0,750.0
2018-05-29 15:02:31.233563,1023.0,2.5,0.0,12000.0,0.0,750.0
2018-05-29 15:02:31.437726,1023.0,2.5,0.0,12000.0,0.0,750.0
2018-05-29 15:02:31.640888,1023.0,2.5,0.0,12000.0,0.0,750.0
2018-05-29 15:02:31.844051,1023.0,2.5,0.0,12000.0,0.0,750.0
2018-05-29 15:02:32.048214,1023.0,2.5,0.0,12000.0,0.0,750.0
2018-05-29 15:02:32.255379,1023.0,2.5,0.0,12000.0,0.0,750.0
2018-05-29 15:02:32.467549,1023.0,2.5,0.0,12000.0,0.0,750.0
2018-05-29 15:02:32.673714,1023.0,2.5,0.0,12000.0,0.0,750.0
2018-05-29 15:02:32.882881,1023.0,2.5,0.0,12000.0,0.0,750.0
2018-05-29 15:02:33.092048,1023.0,2.5,0.0,12000.0,0.0,750.0
2018-05-29 15:02:33.295211,1023.0,2.5,0.0,12000.0,0.0,750.0
2018-05-29 15:02:33.499374,1023.0,2.5,0.0,12000.0,0.0,750.0
2018-05-29 15:02:33.702536,1023.0,2.5,0.0,12000.0,0.0,750.0
2018-05-29 15:02:33.905699,1023.0,2.5,0.0,12000.0,0.0,750.0
2018-05-29 15:02:34.120871,1023.0,2.5,0.0,12000.0,0.0,750.0
2018-05-29 15:02:34.325034,1023.0,2.5,0.0,12000.0,0.0,750.0
2018-05-29 15:02:34.531199,1023.0,2.5,0.0,12000.0,0.0,750.0
2018-05-29 15:02:34.738364,1023.0,2.5,0.0,12000.0,0.0,750.0
2018-05-29 15:02:34.941527,1023.0,2.5,0.0,12000.0,0.0,750.0
2018-05-29 15:02:35.154697,1023.0,2.5,0.0,12000.0,0.0,750.0
2018-05-29 15:02:35.360862,1023.0,2.5,0.0,12000.0,0.0,750.0
2018-05-29 15:02:35.567027,1023.0,2.5,0.0,12000.0,0.0,750.0
2018-05-29 15:02:35.772191,1023.0,2.5,0.0,12000.0,0.0,750.0
2018-05-29 15:02:35.974352,1023.0,2.5,0.0,12000.0,0.0,750.0
2018-05-29 15:02:36.180517,1023.0,2.5,0.0,12000.0,0.0,750.0
2018-05-29 15:02:36.386682,1023.0,2.5,0.0,12000.0,0.0,750.0
2018-05-29 15:02:36.590845,1023.0,2.5,0.0,12000.0,0.0,750.0
2018-05-29 15:02:36.795008,1023.0,2.5,0.0,12000.0,0.0,750.0
2018-05-29 15:02:37.001173,1023.0,2.5,0.0,12000.0,0.0,750.0
2018-05-29 15:02:37.219347,1023.0,2.5,0.0,12000.0,0.0,750.0
2018-05-29 15:02:37.421509,1023.0,2.5,0.0,12000.0,0.0,750.0
2018-05-29 15:02:37.625672,1023.0,2.5,0.0,12000.0,0.0,750.0
2018-05-29 15:02:37.828835,1023.0,2.5,0.0,12000.0,0.0,750.0
2018-05-29 15:02:38.034999,1023.0,2.5,0.0,12000.0,0.0,750.0
2018-05-29 15:02:38.238162,1023.0,2.5,0.0,12000.0,0.0,750.0
2018-05-29 15:02:38.443326,1023.0,2.5,0.0,12000.0,0.0,750.0
2018-05-29 15:02:38.649491,1023.0,2.5,0.0,12000.0,0.0,750.0
2018-05-29 15:02:38.852653,1023.0,2.5,0.0,12000.0,0.0,750.0
2018-05-29 15:02:39.056816,1023.0,2.5,0.0,12000.0,0.0,750.0
2018-05-29 15:02:39.262981,1023.0,2.5,0.0,12000.0,0.0,750.0
2018-05-29 15:02:39.467144,1023.0,2.5,0.0,12000.0,0.0,750.0
2018-05-29 15:02:39.674310,1023.0,2.5,0.0,12000.0,0.0,750.0
2018-05-29 15:02:39.881475,1023.0,2.5,0.0,12000.0,0.0,750.0
2018-05-29 15:02:40.090643,1023.0,2.5,0.0,12000.0,0.0,750.0
2018-05-29 15:02:40.295807,1023.0,2.5,0.0,12000.0,0.0,750.0
2018-05-29 15:02:40.497968,1023.0,2.5,0.0,12000.0,0.0,750.0
2018-05-29 15:02:40.711139,1023.0,2.5,0.0,12000.0,0.0,750.0
2018-05-29 15:02:40.915302,1023.0,2.5,0.0,12000.0,0.0,750.0
2018-05-29 15:02:41.127471,1023.0,2.5,0.0,12000.0,0.0,750.0
2018-05-29 15:02:41.331635,1023.0,2.5,0.0,12000.0,0.0,750.0
2018-05-29 15:02:41.536799,1023.0,2.5,0.0,12000.0,0.0,750.0
2018-05-29 15:02:41.749969,1023.0,2.5,0.0,12000.0,0.0,750.0
2018-05-29 15:02:41.955133,1023.0,2.5,0.0,12000.0,0.0,750.0
2018-05-29 15:02:42.159296,1023.0,2.5,0.0,12000.0,0.0,750.0
2018-05-29 15:02:42.363459,1023.0,2.5,0.0,12000.0,0.0,750.0
2018-05-29 15:02:42.572627,1023.0,2.5,0.0,12000.0,0.0,750.0
2018-05-29 15:02:42.775789,1023.0,2.5,0.0,12000.0,0.0,750.0
2018-05-29 15:02:42.978951,1023.0,2.5,0.0,12000.0,0.0,750.0
2018-05-29 15:02:43.183115,1023.0,2.5,0.0,12000.0,0.0,750.0
2018-05-29 15:02:43.387278,1023.0,2.5,0.0,12000.0,0.0,750.0
2018-05-29 15:02:43.593443,1023.0,2.5,0.0,12000.0,0.0,750.0
2018-05-29 15:02:43.800608,1023.0,2.5,0.0,12000.0,0.0,750.0
2018-05-29 15:02:44.003771,1023.0,2.5,0.0,12000.0,0.0,750.0
2018-05-29 15:02:44.209935,1023.0,2.5,0.0,12000.0,0.0,750.0
2018-05-29 15:02:44.416100,1023.0,2.5,0.0,12000.0,0.0,750.0
2018-05-29 15:02:44.621264,1023.0,2.5,0.0,12000.0,0.0,750.0
2018-05-29 15:02:44.826428,1023.0,2.5,0.0,12000.0,0.0,750.0
2018-05-29 15:02:45.032593,1023.0,2.5,0.0,12000.0,0.0,750.0
2018-05-29 15:02:45.237757,1023.0,2.5,0.0,12000.0,0.0,750.0
2018-05-29 15:02:45.442921,1023.0,2.5,0.0,12000.0,0.0,750.0
2018-05-29 15:02:45.649086,1023.0,2.5,0.0,12000.0,0.0,750.0
2018-05-29 15:02:45.854250,1023.0,2.5,0.0,12000.0,0.0,750.0
2018-05-29 15:02:46.059414,1023.0,2.5,0.0,12000.0,0.0,750.0
2018-05-29 15:02:46.268581,1023.0,2.5,0.0,12000.0,0.0,750.0
2018-05-29 15:02:46.471743,1023.0,2.5,0.0,12000.0,0.0,750.0
2018-05-29 15:02:46.714938,1023.0,2.5,0.0,12000.0,0.0,750.0
2018-05-29 15:02:46.920102,1023.0,2.5,0.0,12000.0,0.0,750.0
2018-05-29 15:02:47.123264,1023.0,2.5,0.0,12000.0,0.0,750.0
2018-05-29 15:02:47.336435,1023.0,2.5,0.0,12000.0,0.0,750.0
2018-05-29 15:02:47.541599,1023.0,2.5,0.0,12000.0,0.0,750.0
2018-05-29 15:02:47.745762,1023.0,2.5,0.0,12000.0,0.0,750.0
2018-05-29 15:02:47.950926,1023.0,2.5,0.0,12000.0,0.0,750.0
2018-05-29 15:02:48.155089,1023.0,2.5,0.0,12000.0,0.0,750.0
2018-05-29 15:02:48.370261,1023.0,2.5,0.0,12000.0,0.0,750.0
2018-05-29 15:02:48.576426,1023.0,2.5,0.0,12000.0,0.0,750.0
2018-05-29 15:02:48.782591,1023.0,2.5,0.0,12000.0,0.0,750.0
2018-05-29 15:02:48.985753,1023.0,2.5,0.0,12000.0,0.0,750.0
2018-05-29 15:02:49.189916,1023.0,2.5,0.0,12000.0,0.0,750.0
2018-05-29 15:02:49.393079,1023.0,2.5,0.0,12000.0,0.0,750.0
2018-05-29 15:02:49.595240,1023.0,2.5,0.0,12000.0,0.0,750.0
2018-05-29 15:02:49.843439,1023.0,2.5,0.0,12000.0,0.0,750.0
2018-05-29 15:02:50.047602,1023.0,2.5,0.0,12000.0,0.0,750.0
2018-05-29 15:02:50.264775,1023.0,2.5,0.0,12000.0,0.0,750.0
2018-05-29 15:02:50.469939,1023.0,2.5,0.0,12000.0,0.0,750.0
2018-05-29 15:02:50.676104,1023.0,2.5,0.0,12000.0,0.0,750.0
2018-05-29 15:02:50.888274,1023.0,2.5,0.0,12000.0,0.0,750.0
2018-05-29 15:02:51.107449,1023.0,2.5,0.0,12000.0,0.0,750.0
2018-05-29 15:02:51.313614,1023.0,2.5,0.0,12000.0,0.0,750.0
2018-05-29 15:02:51.516776,1023.0,2.5,0.0,12000.0,0.0,750.0
2018-05-29 15:02:51.721940,1023.0,2.5,0.0,12000.0,0.0,750.0
2018-05-29 15:02:51.926103,1023.0,2.5,0.0,12000.0,0.0,750.0
2018-05-29 15:02:52.134270,1023.0,2.5,0.0,12000.0,0.0,750.0
2018-05-29 15:02:52.340435,1023.0,2.5,0.0,12000.0,0.0,750.0
2018-05-29 15:02:52.544598,1023.0,2.5,0.0,12000.0,0.0,750.0
2018-05-29 15:02:52.752764,1023.0,2.5,0.0,12000.0,0.0,750.0
2018-05-29 15:02:52.956927,1023.0,2.5,0.0,12000.0,0.0,750.0
2018-05-29 15:02:53.165094,1023.0,2.5,0.0,12000.0,0.0,750.0
2018-05-29 15:02:53.369257,1023.0,2.5,0.0,12000.0,0.0,750.0
2018-05-29 15:02:53.571419,1023.0,2.5,0.0,12000.0,0.0,750.0
2018-05-29 15:02:53.790594,1023.0,2.5,0.0,12000.0,0.0,750.0
2018-05-29 15:02:53.994757,1023.0,2.5,0.0,12000.0,0.0,750.0
2018-05-29 15:02:54.197919,1023.0,2.5,0.0,12000.0,0.0,750.0
2018-05-29 15:02:54.410089,1023.0,2.5,0.0,12000.0,0.0,750.0
2018-05-29 15:02:54.616254,1023.0,2.5,0.0,12000.0,0.0,750.0
2018-05-29 15:02:54.823419,1023.0,2.5,0.0,12000.0,0.0,750.0
2018-05-29 15:02:55.026582,1023.0,2.5,0.0,12000.0,0.0,750.0
2018-05-29 15:02:55.228743,1023.0,2.5,0.0,12000.0,0.0,750.0
2018-05-29 15:02:55.441914,1023.0,2.5,0.0,12000.0,0.0,750.0
2018-05-29 15:02:55.648079,1023.0,2.5,0.0,12000.0,0.0,750.0
2018-05-29 15:02:55.852242,1023.0,2.5,0.0,12000.0,0.0,750.0
2018-05-29 15:02:56.057406,1023.0,2.5,0.0,12000.0,0.0,750.0
2018-05-29 15:02:56.260568,1023.0,2.5,0.0,12000.0,0.0,750.0
2018-05-29 15:02:56.472738,1023.0,2.5,0.0,12000.0,0.0,750.0
2018-05-29 15:02:56.677902,1023.0,2.5,0.0,12000.0,0.0,750.0
2018-05-29 15:02:56.883066,1023.0,2.5,0.0,12000.0,0.0,750.0
2018-05-29 15:02:57.086228,1023.0,2.5,0.0,12000.0,0.0,750.0
2018-05-29 15:02:57.306404,1023.0,2.5,0.0,12000.0,0.0,750.0
2018-05-29 15:02:57.511568,1023.0,2.5,0.0,12000.0,0.0,750.0
2018-05-29 15:02:57.715731,1023.0,2.5,0.0,12000.0,0.0,750.0
2018-05-29 15:02:57.941912,1023.0,2.5,0.0,12000.0,0.0,750.0
2018-05-29 15:02:58.214130,1023.0,2.5,0.0,12000.0,0.0,750.0
2018-05-29 15:02:58.461327,1023.0,2.5,0.0,12000.0,0.0,750.0
2018-05-29 15:02:58.701519,1023.0,2.5,0.0,12000.0,0.0,750.0
2018-05-29 15:02:58.942712,1023.0,2.5,0.0,12000.0,0.0,750.0
2018-05-29 15:02:59.149878,1023.0,2.5,0.0,12000.0,0.0,750.0
2018-05-29 15:02:59.353040,1023.0,2.5,0.0,12000.0,0.0,750.0
2018-05-29 15:02:59.557203,1023.0,2.5,0.0,12000.0,0.0,750.0
2018-05-29 15:02:59.762367,1023.0,2.5,0.0,12000.0,0.0,750.0
2018-05-29 15:02:59.967531,1023.0,2.5,0.0,12000.0,0.0,750.0
2018-05-29 15:03:00.172695,1023.0,2.5,0.0,12000.0,0.0,750.0
2018-05-29 15:03:00.377859,1023.0,2.5,0.0,12000.0,0.0,750.0
2018-05-29 15:03:00.584024,1023.0,2.5,0.0,12000.0,0.0,750.0
2018-05-29 15:03:00.789188,1023.0,2.5,0.0,12000.0,0.0,750.0
2018-05-29 15:03:00.995353,1023.0,2.5,0.0,12000.0,0.0,750.0
2018-05-29 15:03:01.199516,1023.0,2.5,0.0,12000.0,0.0,750.0
2018-05-29 15:03:01.403679,1023.0,2.5,0.0,12000.0,0.0,750.0
2018-05-29 15:03:01.606842,1023.0,2.5,0.0,12000.0,0.0,750.0
2018-05-29 15:03:01.812006,1023.0,2.5,0.0,12000.0,0.0,750.0
2018-05-29 15:03:02.016169,1023.0,2.5,0.0,12000.0,0.0,750.0
2018-05-29 15:03:02.222334,1023.0,2.5,0.0,12000.0,0.0,750.0
2018-05-29 15:03:02.427498,1023.0,2.5,0.0,12000.0,0.0,750.0
2018-05-29 15:03:02.632662,1023.0,2.5,0.0,12000.0,0.0,750.0
2018-05-29 15:03:02.863847,1023.0,2.5,0.0,12000.0,0.0,750.0
2018-05-29 15:03:03.078018,1023.0,2.5,0.0,12000.0,0.0,750.0
2018-05-29 15:03:03.284183,1023.0,2.5,0.0,12000.0,0.0,750.0
2018-05-29 15:03:03.500355,1023.0,2.5,0.0,12000.0,0.0,750.0
2018-05-29 15:03:03.704519,1023.0,2.5,0.0,12000.0,0.0,750.0
2018-05-29 15:03:03.908682,1023.0,2.5,0.0,12000.0,0.0,750.0
2018-05-29 15:03:04.111844,1023.0,2.5,0.0,12000.0,0.0,750.0
2018-05-29 15:03:04.317008,1023.0,2.5,0.0,12000.0,0.0,750.0
2018-05-29 15:03:04.520171,1023.0,2.5,0.0,12000.0,0.0,750.0
2018-05-29 15:03:04.722332,1023.0,2.5,0.0,12000.0,0.0,750.0
2018-05-29 15:03:04.928497,1023.0,2.5,0.0,12000.0,0.0,750.0
2018-05-29 15:03:05.132660,1023.0,2.5,0.0,12000.0,0.0,750.0
2018-05-29 15:03:05.337824,1023.0,2.5,0.0,12000.0,0.0,750.0
2018-05-29 15:03:05.543989,1023.0,2.5,0.0,12000.0,0.0,750.0
2018-05-29 15:03:05.748152,1023.0,2.5,0.0,12000.0,0.0,750.0
2018-05-29 15:03:05.953316,1023.0,2.5,0.0,12000.0,0.0,750.0
2018-05-29 15:03:06.157479,1023.0,2.5,0.0,12000.0,0.0,750.0
2018-05-29 15:03:06.360642,1023.0,2.5,0.0,12000.0,0.0,750.0
2018-05-29 15:03:06.567807,1023.0,2.5,0.0,12000.0,0.0,750.0
2018-05-29 15:03:06.770970,1023.0,2.5,0.0,12000.0,0.0,750.0
2018-05-29 15:03:06.978135,1023.0,2.5,0.0,12000.0,0.0,750.0
2018-05-29 15:03:07.181298,1023.0,2.5,0.0,12000.0,0.0,750.0
2018-05-29 15:03:07.387463,1023.0,2.5,0.0,12000.0,0.0,750.0
2018-05-29 15:03:07.632659,1023.0,2.5,0.0,12000.0,0.0,750.0
2018-05-29 15:03:07.837823,1023.0,2.5,0.0,12000.0,0.0,750.0
2018-05-29 15:03:08.043987,1023.0,2.5,0.0,12000.0,0.0,750.0
2018-05-29 15:03:08.299191,1023.0,2.5,0.0,12000.0,0.0,750.0
2018-05-29 15:03:08.548391,1023.0,2.5,0.0,12000.0,0.0,750.0
2018-05-29 15:03:08.756557,1023.0,2.5,0.0,12000.0,0.0,750.0
2018-05-29 15:03:08.963723,1023.0,2.5,0.0,12000.0,0.0,750.0
2018-05-29 15:03:09.168887,1023.0,2.5,0.0,12000.0,0.0,750.0
2018-05-29 15:03:09.374051,1023.0,2.5,0.0,12000.0,0.0,750.0
2018-05-29 15:03:09.581216,1023.0,2.5,0.0,12000.0,0.0,750.0
2018-05-29 15:03:09.787381,1023.0,2.5,0.0,12000.0,0.0,750.0
2018-05-29 15:03:09.996548,1023.0,2.5,0.0,12000.0,0.0,750.0
2018-05-29 15:03:10.200711,1023.0,2.5,0.0,12000.0,0.0,750.0
2018-05-29 15:03:10.404875,1023.0,2.5,0.0,12000.0,0.0,750.0
2018-05-29 15:03:10.608037,1023.0,2.5,0.0,12000.0,0.0,750.0
2018-05-29 15:03:10.813201,1023.0,2.5,0.0,12000.0,0.0,750.0
2018-05-29 15:03:11.020367,1023.0,2.5,0.0,12000.0,0.0,750.0
2018-05-29 15:03:11.225531,1023.0,2.5,0.0,12000.0,0.0,750.0
2018-05-29 15:03:11.431695,1023.0,2.5,0.0,12000.0,0.0,750.0
2018-05-29 15:03:11.638861,1023.0,2.5,0.0,12000.0,0.0,750.0
2018-05-29 15:03:11.842023,1023.0,2.5,0.0,12000.0,0.0,750.0
2018-05-29 15:03:12.049189,1023.0,2.5,0.0,12000.0,0.0,750.0
2018-05-29 15:03:12.254353,1023.0,2.5,0.0,12000.0,0.0,750.0
2018-05-29 15:03:12.459517,1023.0,2.5,0.0,12000.0,0.0,750.0
2018-05-29 15:03:12.685698,1023.0,2.5,0.0,12000.0,0.0,750.0
2018-05-29 15:03:12.890862,1023.0,2.5,0.0,12000.0,0.0,750.0
2018-05-29 15:03:13.099028,1023.0,2.5,0.0,12000.0,0.0,750.0
2018-05-29 15:03:13.305193,1023.0,2.5,0.0,12000.0,0.0,750.0
2018-05-29 15:03:13.509356,1023.0,2.5,0.0,12000.0,0.0,750.0
2018-05-29 15:03:13.720525,1023.0,2.5,0.0,12000.0,0.0,750.0
2018-05-29 15:03:13.924688,1023.0,2.5,0.0,12000.0,0.0,750.0
2018-05-29 15:03:14.129852,1023.0,2.5,0.0,12000.0,0.0,750.0
2018-05-29 15:03:14.345024,1023.0,2.5,0.0,12000.0,0.0,750.0
2018-05-29 15:03:14.553191,1023.0,2.5,0.0,12000.0,0.0,750.0
2018-05-29 15:03:14.758355,1023.0,2.5,0.0,12000.0,0.0,750.0
2018-05-29 15:03:14.961517,1023.0,2.5,0.0,12000.0,0.0,750.0
2018-05-29 15:03:15.167682,1023.0,2.5,0.0,12000.0,0.0,750.0
2018-05-29 15:03:15.370844,1023.0,2.5,0.0,12000.0,0.0,750.0
2018-05-29 15:03:15.579011,1023.0,2.5,0.0,12000.0,0.0,750.0
2018-05-29 15:03:15.785175,1023.0,2.5,0.0,12000.0,0.0,750.0
2018-05-29 15:03:15.990339,1023.0,2.5,0.0,12000.0,0.0,750.0
2018-05-29 15:03:16.198506,1023.0,2.5,0.0,12000.0,0.0,750.0
2018-05-29 15:03:16.401668,1023.0,2.5,0.0,12000.0,0.0,750.0
2018-05-29 15:03:16.609835,1023.0,2.5,0.0,12000.0,0.0,750.0
2018-05-29 15:03:16.813998,1023.0,2.5,0.0,12000.0,0.0,750.0
2018-05-29 15:03:17.019162,1023.0,2.5,0.0,12000.0,0.0,750.0
2018-05-29 15:03:17.223325,1023.0,2.5,0.0,12000.0,0.0,750.0
2018-05-29 15:03:17.426487,1023.0,2.5,0.0,12000.0,0.0,750.0
2018-05-29 15:03:17.631651,1023.0,2.5,0.0,12000.0,0.0,750.0
2018-05-29 15:03:17.834814,1023.0,2.5,0.0,12000.0,0.0,750.0
2018-05-29 15:03:18.038977,1023.0,2.5,0.0,12000.0,0.0,750.0
2018-05-29 15:03:18.246143,1023.0,2.5,0.0,12000.0,0.0,750.0
2018-05-29 15:03:18.451307,1023.0,2.5,0.0,12000.0,0.0,750.0
2018-05-29 15:03:18.657471,1023.0,2.5,0.0,12000.0,0.0,750.0
2018-05-29 15:03:18.860634,1023.0,2.5,0.0,12000.0,0.0,750.0
2018-05-29 15:03:19.065798,1023.0,2.5,0.0,12000.0,0.0,750.0
2018-05-29 15:03:19.269961,1023.0,2.5,0.0,12000.0,0.0,750.0
2018-05-29 15:03:19.473123,1023.0,2.5,0.0,12000.0,0.0,750.0
2018-05-29 15:03:19.678287,1023.0,2.5,0.0,12000.0,0.0,750.0
2018-05-29 15:03:19.881450,1023.0,2.5,0.0,12000.0,0.0,750.0
2018-05-29 15:03:20.086614,1023.0,2.5,0.0,12000.0,0.0,750.0
2018-05-29 15:03:20.291778,1023.0,2.5,0.0,12000.0,0.0,750.0
2018-05-29 15:03:20.495941,1023.0,2.5,0.0,12000.0,0.0,750.0
2018-05-29 15:03:20.700104,1023.0,2.5,0.0,12000.0,0.0,750.0
2018-05-29 15:03:20.902266,1023.0,2.5,0.0,12000.0,0.0,750.0
2018-05-29 15:03:21.126445,1023.0,2.5,0.0,12000.0,0.0,750.0
2018-05-29 15:03:21.344619,1023.0,2.5,0.0,12000.0,0.0,750.0
2018-05-29 15:03:21.549783,1023.0,2.5,0.0,12000.0,0.0,750.0
2018-05-29 15:03:21.754947,1023.0,2.5,0.0,12000.0,0.0,750.0
2018-05-29 15:03:21.959111,1023.0,2.5,0.0,12000.0,0.0,750.0
2018-05-29 15:03:22.165275,1023.0,2.5,0.0,12000.0,0.0,750.0
2018-05-29 15:03:22.368438,1023.0,2.5,0.0,12000.0,0.0,750.0
2018-05-29 15:03:22.571600,1023.0,2.5,0.0,12000.0,0.0,750.0
2018-05-29 15:03:22.776764,1023.0,2.5,0.0,12000.0,0.0,750.0
2018-05-29 15:03:22.981928,1023.0,2.5,0.0,12000.0,0.0,750.0
2018-05-29 15:03:23.186091,1023.0,2.5,0.0,12000.0,0.0,750.0
2018-05-29 15:03:23.392256,1023.0,2.5,0.0,12000.0,0.0,750.0
2018-05-29 15:03:23.596419,1023.0,2.5,0.0,12000.0,0.0,750.0
2018-05-29 15:03:23.801583,1023.0,2.5,0.0,12000.0,0.0,750.0
2018-05-29 15:03:24.003745,1023.0,2.5,0.0,12000.0,0.0,750.0
2018-05-29 15:03:24.212912,1023.0,2.5,0.0,12000.0,0.0,750.0
2018-05-29 15:03:24.416075,1023.0,2.5,0.0,12000.0,0.0,750.0
2018-05-29 15:03:24.620238,1023.0,2.5,0.0,12000.0,0.0,750.0
2018-05-29 15:03:24.825402,1023.0,2.5,0.0,12000.0,0.0,750.0
2018-05-29 15:03:25.032567,1023.0,2.5,0.0,12000.0,0.0,750.0
2018-05-29 15:03:25.237731,1023.0,2.5,0.0,12000.0,0.0,750.0
2018-05-29 15:03:25.440894,1023.0,2.5,0.0,12000.0,0.0,750.0
2018-05-29 15:03:25.646058,1023.0,2.5,0.0,12000.0,0.0,750.0
2018-05-29 15:03:25.850221,1023.0,2.5,0.0,12000.0,0.0,750.0
2018-05-29 15:03:26.055385,1023.0,2.5,0.0,12000.0,0.0,750.0
2018-05-29 15:03:26.259548,1023.0,2.5,0.0,12000.0,0.0,750.0
2018-05-29 15:03:26.465713,1023.0,2.5,0.0,12000.0,0.0,750.0
2018-05-29 15:03:26.670877,1023.0,2.5,0.0,12000.0,0.0,750.0
2018-05-29 15:03:26.877042,1023.0,2.5,0.0,12000.0,0.0,750.0
2018-05-29 15:03:27.083207,1023.0,2.5,0.0,12000.0,0.0,750.0
2018-05-29 15:03:27.289371,1023.0,2.5,0.0,12000.0,0.0,750.0
2018-05-29 15:03:27.493535,1023.0,2.5,0.0,12000.0,0.0,750.0
2018-05-29 15:03:27.697698,1023.0,2.5,0.0,12000.0,0.0,750.0
2018-05-29 15:03:27.902862,1023.0,2.5,0.0,12000.0,0.0,750.0
2018-05-29 15:03:28.110027,1023.0,2.5,0.0,12000.0,0.0,750.0
2018-05-29 15:03:28.315191,1023.0,2.5,0.0,12000.0,0.0,750.0
2018-05-29 15:03:28.521356,1023.0,2.5,0.0,12000.0,0.0,750.0
2018-05-29 15:03:28.726520,1023.0,2.5,0.0,12000.0,0.0,750.0
2018-05-29 15:03:28.940691,1023.0,2.5,0.0,12000.0,0.0,750.0
2018-05-29 15:03:29.144855,1023.0,2.5,0.0,12000.0,0.0,750.0
2018-05-29 15:03:29.350019,1023.0,2.5,0.0,12000.0,0.0,750.0
2018-05-29 15:03:29.553181,1023.0,2.5,0.0,12000.0,0.0,750.0
2018-05-29 15:03:29.756343,1023.0,2.5,0.0,12000.0,0.0,750.0
2018-05-29 15:03:29.970515,1023.0,2.5,0.0,12000.0,0.0,750.0
2018-05-29 15:03:30.174678,1023.0,2.5,0.0,12000.0,0.0,750.0
