datetime,IP1,FC1,Volt FC1 ,Vtip,Itip,BV1
2018-05-29 17:01:52.585530,1023.0,2.5,0.0,12000.0,0.0,750.0
2018-05-29 17:01:52.800423,1023.0,2.5,0.0,12000.0,0.0,750.0
2018-05-29 17:01:53.007319,1023.0,2.5,0.0,12000.0,0.0,750.0
2018-05-29 17:01:53.205220,1023.0,2.5,0.0,12000.0,0.0,750.0
2018-05-29 17:01:53.411117,1023.0,2.5,0.0,12000.0,0.0,750.0
2018-05-29 17:01:53.621012,1023.0,2.5,0.0,12000.0,0.0,750.0
2018-05-29 17:01:53.821912,1023.0,2.5,0.0,12000.0,0.0,750.0
2018-05-29 17:01:54.022811,1023.0,2.5,0.0,12000.0,0.0,750.0
2018-05-29 17:01:54.223711,1023.0,2.5,0.0,12000.0,0.0,750.0
2018-05-29 17:01:54.424610,1023.0,2.5,0.0,12000.0,0.0,750.0
2018-05-29 17:01:54.625510,1023.0,2.5,0.0,12000.0,0.0,750.0
2018-05-29 17:01:54.829408,1023.0,2.5,0.0,12000.0,0.0,750.0
2018-05-29 17:01:55.027309,1023.0,2.5,0.0,12000.0,0.0,750.0
2018-05-29 17:01:55.228208,1023.0,2.5,0.0,12000.0,0.0,750.0
2018-05-29 17:01:55.429108,1023.0,2.5,0.0,12000.0,0.0,750.0
2018-05-29 17:01:55.630007,1023.0,2.5,0.0,12000.0,0.0,750.0
2018-05-29 17:01:55.831906,1023.0,2.5,0.0,12000.0,0.0,750.0
2018-05-29 17:01:56.032806,1023.0,2.5,0.0,12000.0,0.0,750.0
2018-05-29 17:01:56.236704,1023.0,2.5,0.0,12000.0,0.0,750.0
2018-05-29 17:01:56.434605,1023.0,2.5,0.0,12000.0,0.0,750.0
2018-05-29 17:01:56.635504,1023.0,2.5,0.0,12000.0,0.0,750.0
2018-05-29 17:01:56.837403,1023.0,2.5,0.0,12000.0,0.0,750.0
2018-05-29 17:01:57.038303,1023.0,2.5,0.0,12000.0,0.0,750.0
2018-05-29 17:01:57.239202,1023.0,2.5,0.0,12000.0,0.0,750.0
2018-05-29 17:01:57.440102,1023.0,2.5,0.0,12000.0,0.0,750.0
2018-05-29 17:01:57.641001,1023.0,2.5,0.0,12000.0,0.0,750.0
2018-05-29 17:01:57.841901,1023.0,2.5,0.0,12000.0,0.0,750.0
2018-05-29 17:01:58.043800,1023.0,2.5,0.0,12000.0,0.0,750.0
2018-05-29 17:01:58.244699,1023.0,2.5,0.0,12000.0,0.0,750.0
2018-05-29 17:01:58.445599,1023.0,2.5,0.0,12000.0,0.0,750.0
2018-05-29 17:01:58.646498,1023.0,2.5,0.0,12000.0,0.0,750.0
2018-05-29 17:01:58.847398,1023.0,2.5,0.0,12000.0,0.0,750.0
2018-05-29 17:01:59.048297,1023.0,2.5,0.0,12000.0,0.0,750.0
2018-05-29 17:01:59.249197,1023.0,2.5,0.0,12000.0,0.0,750.0
2018-05-29 17:01:59.451096,1023.0,2.5,0.0,12000.0,0.0,750.0
2018-05-29 17:01:59.650996,1023.0,2.5,0.0,12000.0,0.0,750.0
2018-05-29 17:01:59.852895,1023.0,2.5,0.0,12000.0,0.0,750.0
2018-05-29 17:02:00.053794,1023.0,2.5,0.0,12000.0,0.0,750.0
2018-05-29 17:02:00.254694,1023.0,2.5,0.0,12000.0,0.0,750.0
2018-05-29 17:02:00.455593,1023.0,2.5,0.0,12000.0,0.0,750.0
2018-05-29 17:02:00.656493,1023.0,2.5,0.0,12000.0,0.0,750.0
2018-05-29 17:02:00.858392,1023.0,2.5,0.0,12000.0,0.0,750.0
2018-05-29 17:02:01.058292,1023.0,2.5,0.0,12000.0,0.0,750.0
2018-05-29 17:02:01.259191,1023.0,2.5,0.0,12000.0,0.0,750.0
2018-05-29 17:02:01.460091,1023.0,2.5,0.0,12000.0,0.0,750.0
2018-05-29 17:02:01.660990,1023.0,2.5,0.0,12000.0,0.0,750.0
2018-05-29 17:02:01.861890,1023.0,2.5,0.0,12000.0,0.0,750.0
2018-05-29 17:02:02.063789,1023.0,2.5,0.0,12000.0,0.0,750.0
2018-05-29 17:02:02.264688,1023.0,2.5,0.0,12000.0,0.0,750.0
2018-05-29 17:02:02.465588,1023.0,2.5,0.0,12000.0,0.0,750.0
2018-05-29 17:02:02.666487,1023.0,2.5,0.0,12000.0,0.0,750.0
2018-05-29 17:02:02.867387,1023.0,2.5,0.0,12000.0,0.0,750.0
2018-05-29 17:02:03.069286,1023.0,2.5,0.0,12000.0,0.0,750.0
2018-05-29 17:02:03.270185,1023.0,2.5,0.0,12000.0,0.0,750.0
2018-05-29 17:02:03.471085,1023.0,2.5,0.0,12000.0,0.0,750.0
2018-05-29 17:02:03.671984,1023.0,2.5,0.0,12000.0,0.0,750.0
2018-05-29 17:02:03.872884,1023.0,2.5,0.0,12000.0,0.0,750.0
2018-05-29 17:02:04.073783,1023.0,2.5,0.0,12000.0,0.0,750.0
2018-05-29 17:02:04.274683,1023.0,2.5,0.0,12000.0,0.0,750.0
2018-05-29 17:02:04.475582,1023.0,2.5,0.0,12000.0,0.0,750.0
2018-05-29 17:02:04.676482,1023.0,2.5,0.0,12000.0,0.0,750.0
2018-05-29 17:02:04.877381,1023.0,2.5,0.0,12000.0,0.0,750.0
2018-05-29 17:02:05.078281,1023.0,2.5,0.0,12000.0,0.0,750.0
2018-05-29 17:02:05.281179,1023.0,2.5,0.0,12000.0,0.0,750.0
2018-05-29 17:02:05.482079,1023.0,2.5,0.0,12000.0,0.0,750.0
2018-05-29 17:02:05.682978,1023.0,2.5,0.0,12000.0,0.0,750.0
2018-05-29 17:02:05.883878,1023.0,2.5,0.0,12000.0,0.0,750.0
2018-05-29 17:02:06.084777,1023.0,2.5,0.0,12000.0,0.0,750.0
2018-05-29 17:02:06.286676,1023.0,2.5,0.0,12000.0,0.0,750.0
2018-05-29 17:02:06.487576,1023.0,2.5,0.0,12000.0,0.0,750.0
2018-05-29 17:02:06.688475,1023.0,2.5,0.0,12000.0,0.0,750.0
2018-05-29 17:02:06.889375,1023.0,2.5,0.0,12000.0,0.0,750.0
2018-05-29 17:02:07.090274,1023.0,2.5,0.0,12000.0,0.0,750.0
2018-05-29 17:02:07.291174,1023.0,2.5,0.0,12000.0,0.0,750.0
2018-05-29 17:02:07.492073,1023.0,2.5,0.0,12000.0,0.0,750.0
2018-05-29 17:02:07.692973,1023.0,2.5,0.0,12000.0,0.0,750.0
2018-05-29 17:02:07.896871,1023.0,2.5,0.0,12000.0,0.0,750.0
2018-05-29 17:02:08.096771,1023.0,2.5,0.0,12000.0,0.0,750.0
2018-05-29 17:02:08.297670,1023.0,2.5,0.0,12000.0,0.0,750.0
2018-05-29 17:02:08.498570,1023.0,2.5,0.0,12000.0,0.0,750.0
2018-05-29 17:02:08.699469,1023.0,2.5,0.0,12000.0,0.0,750.0
2018-05-29 17:02:08.900369,1023.0,2.5,0.0,12000.0,0.0,750.0
2018-05-29 17:02:09.101268,1023.0,2.5,0.0,12000.0,0.0,750.0
2018-05-29 17:02:09.302168,1023.0,2.5,0.0,12000.0,0.0,750.0
2018-05-29 17:02:09.503067,1023.0,2.5,0.0,12000.0,0.0,750.0
2018-05-29 17:02:09.703967,1023.0,2.5,0.0,12000.0,0.0,750.0
2018-05-29 17:02:09.904866,1023.0,2.5,0.0,12000.0,0.0,750.0
2018-05-29 17:02:10.105766,1023.0,2.5,0.0,12000.0,0.0,750.0
2018-05-29 17:02:10.313662,1023.0,2.5,0.0,12000.0,0.0,750.0
2018-05-29 17:02:10.514561,1023.0,2.5,0.0,12000.0,0.0,750.0
2018-05-29 17:02:10.715461,1023.0,2.5,0.0,12000.0,0.0,750.0
2018-05-29 17:02:10.916360,1023.0,2.5,0.0,12000.0,0.0,750.0
2018-05-29 17:02:11.118259,1023.0,2.5,0.0,12000.0,0.0,750.0
2018-05-29 17:02:11.320158,1023.0,2.5,0.0,12000.0,0.0,750.0
2018-05-29 17:02:11.521058,1023.0,2.5,0.0,12000.0,0.0,750.0
2018-05-29 17:02:11.721957,1023.0,2.5,0.0,12000.0,0.0,750.0
2018-05-29 17:02:11.922857,1023.0,2.5,0.0,12000.0,0.0,750.0
2018-05-29 17:02:12.123756,1023.0,2.5,0.0,12000.0,0.0,750.0
2018-05-29 17:02:12.324656,1023.0,2.5,0.0,12000.0,0.0,750.0
2018-05-29 17:02:12.525555,1023.0,2.5,0.0,12000.0,0.0,750.0
2018-05-29 17:02:12.726455,1023.0,2.5,0.0,12000.0,0.0,750.0
2018-05-29 17:02:12.927354,1023.0,2.5,0.0,12000.0,0.0,750.0
2018-05-29 17:02:13.128254,1023.0,2.5,0.0,12000.0,0.0,750.0
2018-05-29 17:02:13.329153,1023.0,2.5,0.0,12000.0,0.0,750.0
2018-05-29 17:02:13.530053,1023.0,2.5,0.0,12000.0,0.0,750.0
2018-05-29 17:02:13.740947,1023.0,2.5,0.0,12000.0,0.0,750.0
2018-05-29 17:02:13.941847,1023.0,2.5,0.0,12000.0,0.0,750.0
2018-05-29 17:02:14.142746,1023.0,2.5,0.0,12000.0,0.0,750.0
2018-05-29 17:02:14.343646,1023.0,2.5,0.0,12000.0,0.0,750.0
2018-05-29 17:02:14.544545,1023.0,2.5,0.0,12000.0,0.0,750.0
2018-05-29 17:02:14.745445,1023.0,2.5,0.0,12000.0,0.0,750.0
2018-05-29 17:02:14.946344,1023.0,2.5,0.0,12000.0,0.0,750.0
2018-05-29 17:02:15.147244,1023.0,2.5,0.0,12000.0,0.0,750.0
2018-05-29 17:02:15.350142,1023.0,2.5,0.0,12000.0,0.0,750.0
2018-05-29 17:02:15.551042,1023.0,2.5,0.0,12000.0,0.0,750.0
2018-05-29 17:02:15.752941,1023.0,2.5,0.0,12000.0,0.0,750.0
2018-05-29 17:02:15.953840,1023.0,2.5,0.0,12000.0,0.0,750.0
2018-05-29 17:02:16.154740,1023.0,2.5,0.0,12000.0,0.0,750.0
2018-05-29 17:02:16.355639,1023.0,2.5,0.0,12000.0,0.0,750.0
2018-05-29 17:02:16.556539,1023.0,2.5,0.0,12000.0,0.0,750.0
2018-05-29 17:02:16.758438,1023.0,2.5,0.0,12000.0,0.0,750.0
2018-05-29 17:02:16.959337,1023.0,2.5,0.0,12000.0,0.0,750.0
2018-05-29 17:02:17.160237,1023.0,2.5,0.0,12000.0,0.0,750.0
2018-05-29 17:02:17.361136,1023.0,2.5,0.0,12000.0,0.0,750.0
2018-05-29 17:02:17.562036,1023.0,2.5,0.0,12000.0,0.0,750.0
2018-05-29 17:02:17.765934,1023.0,2.5,0.0,12000.0,0.0,750.0
2018-05-29 17:02:17.969832,1023.0,2.5,0.0,12000.0,0.0,750.0
2018-05-29 17:02:18.170731,1023.0,2.5,0.0,12000.0,0.0,750.0
2018-05-29 17:02:18.371631,1023.0,2.5,0.0,12000.0,0.0,750.0
2018-05-29 17:02:18.572530,1023.0,2.5,0.0,12000.0,0.0,750.0
2018-05-29 17:02:18.773430,1023.0,2.5,0.0,12000.0,0.0,750.0
2018-05-29 17:02:18.976328,1023.0,2.5,0.0,12000.0,0.0,750.0
2018-05-29 17:02:19.191221,1023.0,2.5,0.0,12000.0,0.0,750.0
2018-05-29 17:02:19.396118,1023.0,2.5,0.0,12000.0,0.0,750.0
2018-05-29 17:02:19.600016,1023.0,2.5,0.0,12000.0,0.0,750.0
2018-05-29 17:02:19.829901,1023.0,2.5,0.0,12000.0,0.0,750.0
2018-05-29 17:02:20.054789,1023.0,2.5,0.0,12000.0,0.0,750.0
2018-05-29 17:02:20.294669,1023.0,2.5,0.0,12000.0,0.0,750.0
2018-05-29 17:02:20.495568,1023.0,2.5,0.0,12000.0,0.0,750.0
2018-05-29 17:02:20.697467,1023.0,2.5,0.0,12000.0,0.0,750.0
2018-05-29 17:02:20.898367,1023.0,2.5,0.0,12000.0,0.0,750.0
2018-05-29 17:02:21.099266,1023.0,2.5,0.0,12000.0,0.0,750.0
2018-05-29 17:02:21.314159,1023.0,2.5,0.0,12000.0,0.0,750.0
2018-05-29 17:02:21.600016,1023.0,2.5,0.0,12000.0,0.0,750.0
2018-05-29 17:02:21.892869,1023.0,2.5,0.0,12000.0,0.0,750.0
2018-05-29 17:02:22.104763,1023.0,2.5,0.0,12000.0,0.0,750.0
2018-05-29 17:02:22.360635,1023.0,2.5,0.0,12000.0,0.0,750.0
2018-05-29 17:02:22.601515,1023.0,2.5,0.0,12000.0,0.0,750.0
2018-05-29 17:02:22.816407,1023.0,2.5,0.0,12000.0,0.0,750.0
2018-05-29 17:02:23.070280,1023.0,2.5,0.0,12000.0,0.0,750.0
2018-05-29 17:02:23.273179,1023.0,2.5,0.0,12000.0,0.0,750.0
2018-05-29 17:02:23.475078,1023.0,2.5,0.0,12000.0,0.0,750.0
2018-05-29 17:02:23.677976,1023.0,2.5,0.0,12000.0,0.0,750.0
2018-05-29 17:02:23.878876,1023.0,2.5,0.0,12000.0,0.0,750.0
2018-05-29 17:02:24.079775,1023.0,2.5,0.0,12000.0,0.0,750.0
2018-05-29 17:02:24.280675,1023.0,2.5,0.0,12000.0,0.0,750.0
2018-05-29 17:02:24.488571,1023.0,2.5,0.0,12000.0,0.0,750.0
2018-05-29 17:02:24.689470,1023.0,2.5,0.0,12000.0,0.0,750.0
2018-05-29 17:02:24.890370,1023.0,2.5,0.0,12000.0,0.0,750.0
2018-05-29 17:02:25.091269,1023.0,2.5,0.0,12000.0,0.0,750.0
2018-05-29 17:02:25.293168,1023.0,2.5,0.0,12000.0,0.0,750.0
2018-05-29 17:02:25.494068,1023.0,2.5,0.0,12000.0,0.0,750.0
2018-05-29 17:02:25.695967,1023.0,2.5,0.0,12000.0,0.0,750.0
2018-05-29 17:02:25.899865,1023.0,2.5,0.0,12000.0,0.0,750.0
2018-05-29 17:02:26.103763,1023.0,2.5,0.0,12000.0,0.0,750.0
2018-05-29 17:02:26.303663,1023.0,2.5,0.0,12000.0,0.0,750.0
2018-05-29 17:02:26.504562,1023.0,2.5,0.0,12000.0,0.0,750.0
2018-05-29 17:02:26.706461,1023.0,2.5,0.0,12000.0,0.0,750.0
2018-05-29 17:02:26.934347,1023.0,2.5,0.0,12000.0,0.0,750.0
2018-05-29 17:02:27.136246,1023.0,2.5,0.0,12000.0,0.0,750.0
2018-05-29 17:02:27.340144,1023.0,2.5,0.0,12000.0,0.0,750.0
2018-05-29 17:02:27.542043,1023.0,2.5,0.0,12000.0,0.0,750.0
2018-05-29 17:02:27.743942,1023.0,2.5,0.0,12000.0,0.0,750.0
2018-05-29 17:02:27.946841,1023.0,2.5,0.0,12000.0,0.0,750.0
2018-05-29 17:02:28.148740,1023.0,2.5,0.0,12000.0,0.0,750.0
2018-05-29 17:02:28.350639,1023.0,2.5,0.0,12000.0,0.0,750.0
2018-05-29 17:02:28.551538,1023.0,2.5,0.0,12000.0,0.0,750.0
2018-05-29 17:02:28.753437,1023.0,2.5,0.0,12000.0,0.0,750.0
2018-05-29 17:02:28.954337,1023.0,2.5,0.0,12000.0,0.0,750.0
2018-05-29 17:02:29.155236,1023.0,2.5,0.0,12000.0,0.0,750.0
2018-05-29 17:02:29.356136,1023.0,2.5,0.0,12000.0,0.0,750.0
2018-05-29 17:02:29.557035,1023.0,2.5,0.0,12000.0,0.0,750.0
2018-05-29 17:02:29.757935,1023.0,2.5,0.0,12000.0,0.0,750.0
2018-05-29 17:02:29.959834,1023.0,2.5,0.0,12000.0,0.0,750.0
2018-05-29 17:02:30.161733,1023.0,2.5,0.0,12000.0,0.0,750.0
2018-05-29 17:02:30.363632,1023.0,2.5,0.0,12000.0,0.0,750.0
2018-05-29 17:02:30.565531,1023.0,2.5,0.0,12000.0,0.0,750.0
2018-05-29 17:02:30.766430,1023.0,2.5,0.0,12000.0,0.0,750.0
2018-05-29 17:02:30.967330,1023.0,2.5,0.0,12000.0,0.0,750.0
2018-05-29 17:02:31.174226,1023.0,2.5,0.0,12000.0,0.0,750.0
2018-05-29 17:02:31.375126,1023.0,2.5,0.0,12000.0,0.0,750.0
2018-05-29 17:02:31.578024,1023.0,2.5,0.0,12000.0,0.0,750.0
2018-05-29 17:02:31.777924,1023.0,2.5,0.0,12000.0,0.0,750.0
2018-05-29 17:02:31.981822,1023.0,2.5,0.0,12000.0,0.0,750.0
2018-05-29 17:02:32.182722,1023.0,2.5,0.0,12000.0,0.0,750.0
2018-05-29 17:02:32.383621,1023.0,2.5,0.0,12000.0,0.0,750.0
2018-05-29 17:02:32.586520,1023.0,2.5,0.0,12000.0,0.0,750.0
2018-05-29 17:02:32.787419,1023.0,2.5,0.0,12000.0,0.0,750.0
2018-05-29 17:02:32.988319,1023.0,2.5,0.0,12000.0,0.0,750.0
2018-05-29 17:02:33.189218,1023.0,2.5,0.0,12000.0,0.0,750.0
2018-05-29 17:02:33.392117,1023.0,2.5,0.0,12000.0,0.0,750.0
2018-05-29 17:02:33.594016,1023.0,2.5,0.0,12000.0,0.0,750.0
2018-05-29 17:02:33.795915,1023.0,2.5,0.0,12000.0,0.0,750.0
2018-05-29 17:02:33.998813,1023.0,2.5,0.0,12000.0,0.0,750.0
2018-05-29 17:02:34.199713,1023.0,2.5,0.0,12000.0,0.0,750.0
2018-05-29 17:02:34.414605,1023.0,2.5,0.0,12000.0,0.0,750.0
2018-05-29 17:02:34.645490,1023.0,2.5,0.0,12000.0,0.0,750.0
2018-05-29 17:02:34.870377,1023.0,2.5,0.0,12000.0,0.0,750.0
2018-05-29 17:02:35.079273,1023.0,2.5,0.0,12000.0,0.0,750.0
2018-05-29 17:02:35.337144,1023.0,2.5,0.0,12000.0,0.0,750.0
2018-05-29 17:02:35.595015,1023.0,2.5,0.0,12000.0,0.0,750.0
2018-05-29 17:02:35.812906,1023.0,2.5,0.0,12000.0,0.0,750.0
2018-05-29 17:02:36.054785,1023.0,2.5,0.0,12000.0,0.0,750.0
2018-05-29 17:02:36.258683,1023.0,2.5,0.0,12000.0,0.0,750.0
2018-05-29 17:02:36.461581,1023.0,2.5,0.0,12000.0,0.0,750.0
2018-05-29 17:02:36.662481,1023.0,2.5,0.0,12000.0,0.0,750.0
2018-05-29 17:02:36.868378,1023.0,2.5,0.0,12000.0,0.0,750.0
2018-05-29 17:02:37.069277,1023.0,2.5,0.0,12000.0,0.0,750.0
2018-05-29 17:02:37.270177,1023.0,2.5,0.0,12000.0,0.0,750.0
2018-05-29 17:02:37.472076,1023.0,2.5,0.0,12000.0,0.0,750.0
2018-05-29 17:02:37.673975,1023.0,2.5,0.0,12000.0,0.0,750.0
2018-05-29 17:02:37.874874,1023.0,2.5,0.0,12000.0,0.0,750.0
2018-05-29 17:02:38.075774,1023.0,2.5,0.0,12000.0,0.0,750.0
2018-05-29 17:02:38.277673,1023.0,2.5,0.0,12000.0,0.0,750.0
2018-05-29 17:02:38.480571,1023.0,2.5,0.0,12000.0,0.0,750.0
2018-05-29 17:02:38.682470,1023.0,2.5,0.0,12000.0,0.0,750.0
2018-05-29 17:02:38.884369,1023.0,2.5,0.0,12000.0,0.0,750.0
2018-05-29 17:02:39.085269,1023.0,2.5,0.0,12000.0,0.0,750.0
2018-05-29 17:02:39.287168,1023.0,2.5,0.0,12000.0,0.0,750.0
2018-05-29 17:02:39.488067,1023.0,2.5,0.0,12000.0,0.0,750.0
2018-05-29 17:02:39.688967,1023.0,2.5,0.0,12000.0,0.0,750.0
2018-05-29 17:02:39.903859,1023.0,2.5,0.0,12000.0,0.0,750.0
2018-05-29 17:02:40.108757,1023.0,2.5,0.0,12000.0,0.0,750.0
2018-05-29 17:02:40.310656,1023.0,2.5,0.0,12000.0,0.0,750.0
2018-05-29 17:02:40.513554,1023.0,2.5,0.0,12000.0,0.0,750.0
2018-05-29 17:02:40.715453,1023.0,2.5,0.0,12000.0,0.0,750.0
2018-05-29 17:02:40.918352,1023.0,2.5,0.0,12000.0,0.0,750.0
2018-05-29 17:02:41.124249,1023.0,2.5,0.0,12000.0,0.0,750.0
2018-05-29 17:02:41.338142,1023.0,2.5,0.0,12000.0,0.0,750.0
2018-05-29 17:02:41.545038,1023.0,2.5,0.0,12000.0,0.0,750.0
2018-05-29 17:02:41.745938,1023.0,2.5,0.0,12000.0,0.0,750.0
2018-05-29 17:02:41.947837,1023.0,2.5,0.0,12000.0,0.0,750.0
2018-05-29 17:02:42.148736,1023.0,2.5,0.0,12000.0,0.0,750.0
2018-05-29 17:02:42.349636,1023.0,2.5,0.0,12000.0,0.0,750.0
2018-05-29 17:02:42.550535,1023.0,2.5,0.0,12000.0,0.0,750.0
2018-05-29 17:02:42.752434,1023.0,2.5,0.0,12000.0,0.0,750.0
2018-05-29 17:02:42.953334,1023.0,2.5,0.0,12000.0,0.0,750.0
2018-05-29 17:02:43.156232,1023.0,2.5,0.0,12000.0,0.0,750.0
2018-05-29 17:02:43.357132,1023.0,2.5,0.0,12000.0,0.0,750.0
2018-05-29 17:02:43.558031,1023.0,2.5,0.0,12000.0,0.0,750.0
2018-05-29 17:02:43.758931,1023.0,2.5,0.0,12000.0,0.0,750.0
2018-05-29 17:02:43.959830,1023.0,2.5,0.0,12000.0,0.0,750.0
2018-05-29 17:02:44.165727,1023.0,2.5,0.0,12000.0,0.0,750.0
2018-05-29 17:02:44.367626,1023.0,2.5,0.0,12000.0,0.0,750.0
2018-05-29 17:02:44.568526,1023.0,2.5,0.0,12000.0,0.0,750.0
2018-05-29 17:02:44.769425,1023.0,2.5,0.0,12000.0,0.0,750.0
2018-05-29 17:02:44.970325,1023.0,2.5,0.0,12000.0,0.0,750.0
2018-05-29 17:02:45.172224,1023.0,2.5,0.0,12000.0,0.0,750.0
2018-05-29 17:02:45.373123,1023.0,2.5,0.0,12000.0,0.0,750.0
2018-05-29 17:02:45.574023,1023.0,2.5,0.0,12000.0,0.0,750.0
2018-05-29 17:02:45.774922,1023.0,2.5,0.0,12000.0,0.0,750.0
2018-05-29 17:02:45.975822,1023.0,2.5,0.0,12000.0,0.0,750.0
2018-05-29 17:02:46.176721,1023.0,2.5,0.0,12000.0,0.0,750.0
2018-05-29 17:02:46.377621,1023.0,2.5,0.0,12000.0,0.0,750.0
2018-05-29 17:02:46.578520,1023.0,2.5,0.0,12000.0,0.0,750.0
2018-05-29 17:02:46.779420,1023.0,2.5,0.0,12000.0,0.0,750.0
2018-05-29 17:02:46.993313,1023.0,2.5,0.0,12000.0,0.0,750.0
2018-05-29 17:02:47.220199,1023.0,2.5,0.0,12000.0,0.0,750.0
2018-05-29 17:02:47.422098,1023.0,2.5,0.0,12000.0,0.0,750.0
2018-05-29 17:02:47.621998,1023.0,2.5,0.0,12000.0,0.0,750.0
2018-05-29 17:02:47.823897,1023.0,2.5,0.0,12000.0,0.0,750.0
2018-05-29 17:02:48.024797,1023.0,2.5,0.0,12000.0,0.0,750.0
2018-05-29 17:02:48.225696,1023.0,2.5,0.0,12000.0,0.0,750.0
2018-05-29 17:02:48.430594,1023.0,2.5,0.0,12000.0,0.0,750.0
2018-05-29 17:02:48.631493,1023.0,2.5,0.0,12000.0,0.0,750.0
2018-05-29 17:02:48.832393,1023.0,2.5,0.0,12000.0,0.0,750.0
2018-05-29 17:02:49.033292,1023.0,2.5,0.0,12000.0,0.0,750.0
2018-05-29 17:02:49.234192,1023.0,2.5,0.0,12000.0,0.0,750.0
2018-05-29 17:02:49.438090,1023.0,2.5,0.0,12000.0,0.0,750.0
2018-05-29 17:02:49.638989,1023.0,2.5,0.0,12000.0,0.0,750.0
2018-05-29 17:02:49.839889,1023.0,2.5,0.0,12000.0,0.0,750.0
2018-05-29 17:02:50.041788,1023.0,2.5,0.0,12000.0,0.0,750.0
2018-05-29 17:02:50.244686,1023.0,2.5,0.0,12000.0,0.0,750.0
2018-05-29 17:02:50.446585,1023.0,2.5,0.0,12000.0,0.0,750.0
2018-05-29 17:02:50.647485,1023.0,2.5,0.0,12000.0,0.0,750.0
2018-05-29 17:02:50.849384,1023.0,2.5,0.0,12000.0,0.0,750.0
2018-05-29 17:02:51.053282,1023.0,2.5,0.0,12000.0,0.0,750.0
2018-05-29 17:02:51.255181,1023.0,2.5,0.0,12000.0,0.0,750.0
2018-05-29 17:02:51.456080,1023.0,2.5,0.0,12000.0,0.0,750.0
2018-05-29 17:02:51.656980,1023.0,2.5,0.0,12000.0,0.0,750.0
2018-05-29 17:02:51.857879,1023.0,2.5,0.0,12000.0,0.0,750.0
2018-05-29 17:02:52.061777,1023.0,2.5,0.0,12000.0,0.0,750.0
2018-05-29 17:02:52.262677,1023.0,2.5,0.0,12000.0,0.0,750.0
2018-05-29 17:02:52.463576,1023.0,2.5,0.0,12000.0,0.0,750.0
2018-05-29 17:02:52.670473,1023.0,2.5,0.0,12000.0,0.0,750.0
2018-05-29 17:02:52.887364,1023.0,2.5,0.0,12000.0,0.0,750.0
2018-05-29 17:02:53.092262,1023.0,2.5,0.0,12000.0,0.0,750.0
2018-05-29 17:02:53.294161,1023.0,2.5,0.0,12000.0,0.0,750.0
2018-05-29 17:02:53.495060,1023.0,2.5,0.0,12000.0,0.0,750.0
2018-05-29 17:02:53.695960,1023.0,2.5,0.0,12000.0,0.0,750.0
2018-05-29 17:02:53.898858,1023.0,2.5,0.0,12000.0,0.0,750.0
2018-05-29 17:02:54.116749,1023.0,2.5,0.0,12000.0,0.0,750.0
2018-05-29 17:02:54.318648,1023.0,2.5,0.0,12000.0,0.0,750.0
2018-05-29 17:02:54.525545,1023.0,2.5,0.0,12000.0,0.0,750.0
2018-05-29 17:02:54.733441,1023.0,2.5,0.0,12000.0,0.0,750.0
2018-05-29 17:02:54.934340,1023.0,2.5,0.0,12000.0,0.0,750.0
2018-05-29 17:02:55.135240,1023.0,2.5,0.0,12000.0,0.0,750.0
2018-05-29 17:02:55.338138,1023.0,2.5,0.0,12000.0,0.0,750.0
2018-05-29 17:02:55.540037,1023.0,2.5,0.0,12000.0,0.0,750.0
2018-05-29 17:02:55.755929,1023.0,2.5,0.0,12000.0,0.0,750.0
2018-05-29 17:02:55.958828,1023.0,2.5,0.0,12000.0,0.0,750.0
2018-05-29 17:02:56.162726,1023.0,2.5,0.0,12000.0,0.0,750.0
2018-05-29 17:02:56.363625,1023.0,2.5,0.0,12000.0,0.0,750.0
2018-05-29 17:02:56.564525,1023.0,2.5,0.0,12000.0,0.0,750.0
2018-05-29 17:02:56.769422,1023.0,2.5,0.0,12000.0,0.0,750.0
2018-05-29 17:02:56.978318,1023.0,2.5,0.0,12000.0,0.0,750.0
2018-05-29 17:02:57.180217,1023.0,2.5,0.0,12000.0,0.0,750.0
2018-05-29 17:02:57.381116,1023.0,2.5,0.0,12000.0,0.0,750.0
2018-05-29 17:02:57.582016,1023.0,2.5,0.0,12000.0,0.0,750.0
2018-05-29 17:02:57.782915,1023.0,2.5,0.0,12000.0,0.0,750.0
2018-05-29 17:02:58.017798,1023.0,2.5,0.0,12000.0,0.0,750.0
2018-05-29 17:02:58.220696,1023.0,2.5,0.0,12000.0,0.0,750.0
2018-05-29 17:02:58.421596,1023.0,2.5,0.0,12000.0,0.0,750.0
2018-05-29 17:02:58.624494,1023.0,2.5,0.0,12000.0,0.0,750.0
2018-05-29 17:02:58.826393,1023.0,2.5,0.0,12000.0,0.0,750.0
2018-05-29 17:02:59.037288,1023.0,2.5,0.0,12000.0,0.0,750.0
2018-05-29 17:02:59.260176,1023.0,2.5,0.0,12000.0,0.0,750.0
2018-05-29 17:02:59.461076,1023.0,2.5,0.0,12000.0,0.0,750.0
2018-05-29 17:02:59.672970,1023.0,2.5,0.0,12000.0,0.0,750.0
2018-05-29 17:02:59.885863,1023.0,2.5,0.0,12000.0,0.0,750.0
2018-05-29 17:03:00.089761,1023.0,2.5,0.0,12000.0,0.0,750.0
2018-05-29 17:03:00.300656,1023.0,2.5,0.0,12000.0,0.0,750.0
2018-05-29 17:03:00.504554,1023.0,2.5,0.0,12000.0,0.0,750.0
2018-05-29 17:03:00.705453,1023.0,2.5,0.0,12000.0,0.0,750.0
2018-05-29 17:03:00.906353,1023.0,2.5,0.0,12000.0,0.0,750.0
2018-05-29 17:03:01.109251,1023.0,2.5,0.0,12000.0,0.0,750.0
2018-05-29 17:03:01.312150,1023.0,2.5,0.0,12000.0,0.0,750.0
2018-05-29 17:03:01.517047,1023.0,2.5,0.0,12000.0,0.0,750.0
2018-05-29 17:03:01.717947,1023.0,2.5,0.0,12000.0,0.0,750.0
2018-05-29 17:03:01.920845,1023.0,2.5,0.0,12000.0,0.0,750.0
2018-05-29 17:03:02.121745,1023.0,2.5,0.0,12000.0,0.0,750.0
2018-05-29 17:03:02.323644,1023.0,2.5,0.0,12000.0,0.0,750.0
2018-05-29 17:03:02.524543,1023.0,2.5,0.0,12000.0,0.0,750.0
2018-05-29 17:03:02.727442,1023.0,2.5,0.0,12000.0,0.0,750.0
2018-05-29 17:03:02.930340,1023.0,2.5,0.0,12000.0,0.0,750.0
2018-05-29 17:03:03.131240,1023.0,2.5,0.0,12000.0,0.0,750.0
2018-05-29 17:03:03.332139,1023.0,2.5,0.0,12000.0,0.0,750.0
2018-05-29 17:03:03.545033,1023.0,2.5,0.0,12000.0,0.0,750.0
2018-05-29 17:03:03.745932,1023.0,2.5,0.0,12000.0,0.0,750.0
2018-05-29 17:03:03.946832,1023.0,2.5,0.0,12000.0,0.0,750.0
2018-05-29 17:03:04.147731,1023.0,2.5,0.0,12000.0,0.0,750.0
2018-05-29 17:03:04.348631,1023.0,2.5,0.0,12000.0,0.0,750.0
2018-05-29 17:03:04.549530,1023.0,2.5,0.0,12000.0,0.0,750.0
2018-05-29 17:03:04.750430,1023.0,2.5,0.0,12000.0,0.0,750.0
2018-05-29 17:03:04.951329,1023.0,2.5,0.0,12000.0,0.0,750.0
2018-05-29 17:03:05.159225,1023.0,2.5,0.0,12000.0,0.0,750.0
2018-05-29 17:03:05.360125,1023.0,2.5,0.0,12000.0,0.0,750.0
2018-05-29 17:03:05.564023,1023.0,2.5,0.0,12000.0,0.0,750.0
2018-05-29 17:03:05.764922,1023.0,2.5,0.0,12000.0,0.0,750.0
2018-05-29 17:03:05.965822,1023.0,2.5,0.0,12000.0,0.0,750.0
2018-05-29 17:03:06.166721,1023.0,2.5,0.0,12000.0,0.0,750.0
2018-05-29 17:03:06.368620,1023.0,2.5,0.0,12000.0,0.0,750.0
2018-05-29 17:03:06.569520,1023.0,2.5,0.0,12000.0,0.0,750.0
2018-05-29 17:03:06.771419,1023.0,2.5,0.0,12000.0,0.0,750.0
2018-05-29 17:03:06.972318,1023.0,2.5,0.0,12000.0,0.0,750.0
2018-05-29 17:03:07.174217,1023.0,2.5,0.0,12000.0,0.0,750.0
2018-05-29 17:03:07.375117,1023.0,2.5,0.0,12000.0,0.0,750.0
2018-05-29 17:03:07.576016,1023.0,2.5,0.0,12000.0,0.0,750.0
2018-05-29 17:03:07.776916,1023.0,2.5,0.0,12000.0,0.0,750.0
2018-05-29 17:03:07.977815,1023.0,2.5,0.0,12000.0,0.0,750.0
2018-05-29 17:03:08.178715,1023.0,2.5,0.0,12000.0,0.0,750.0
2018-05-29 17:03:08.379614,1023.0,2.5,0.0,12000.0,0.0,750.0
2018-05-29 17:03:08.580514,1023.0,2.5,0.0,12000.0,0.0,750.0
2018-05-29 17:03:08.781413,1023.0,2.5,0.0,12000.0,0.0,750.0
2018-05-29 17:03:08.982313,1023.0,2.5,0.0,12000.0,0.0,750.0
2018-05-29 17:03:09.184212,1023.0,2.5,0.0,12000.0,0.0,750.0
2018-05-29 17:03:09.384112,1023.0,2.5,0.0,12000.0,0.0,750.0
2018-05-29 17:03:09.585011,1023.0,2.5,0.0,12000.0,0.0,750.0
2018-05-29 17:03:09.787910,1023.0,2.5,0.0,12000.0,0.0,750.0
2018-05-29 17:03:09.988809,1023.0,2.5,0.0,12000.0,0.0,750.0
2018-05-29 17:03:10.189709,1023.0,2.5,0.0,12000.0,0.0,750.0
2018-05-29 17:03:10.390608,1023.0,2.5,0.0,12000.0,0.0,750.0
2018-05-29 17:03:10.591508,1023.0,2.5,0.0,12000.0,0.0,750.0
2018-05-29 17:03:10.792407,1023.0,2.5,0.0,12000.0,0.0,750.0
2018-05-29 17:03:10.993307,1023.0,2.5,0.0,12000.0,0.0,750.0
2018-05-29 17:03:11.194206,1023.0,2.5,0.0,12000.0,0.0,750.0
2018-05-29 17:03:11.395106,1023.0,2.5,0.0,12000.0,0.0,750.0
2018-05-29 17:03:11.596005,1023.0,2.5,0.0,12000.0,0.0,750.0
2018-05-29 17:03:11.796905,1023.0,2.5,0.0,12000.0,0.0,750.0
2018-05-29 17:03:11.997804,1023.0,2.5,0.0,12000.0,0.0,750.0
2018-05-29 17:03:12.198704,1023.0,2.5,0.0,12000.0,0.0,750.0
2018-05-29 17:03:12.399603,1023.0,2.5,0.0,12000.0,0.0,750.0
2018-05-29 17:03:12.600503,1023.0,2.5,0.0,12000.0,0.0,750.0
2018-05-29 17:03:12.801402,1023.0,2.5,0.0,12000.0,0.0,750.0
2018-05-29 17:03:13.003301,1023.0,2.5,0.0,12000.0,0.0,750.0
2018-05-29 17:03:13.204201,1023.0,2.5,0.0,12000.0,0.0,750.0
2018-05-29 17:03:13.405100,1023.0,2.5,0.0,12000.0,0.0,750.0
2018-05-29 17:03:13.606000,1023.0,2.5,0.0,12000.0,0.0,750.0
2018-05-29 17:03:13.806899,1023.0,2.5,0.0,12000.0,0.0,750.0
2018-05-29 17:03:14.008798,1023.0,2.5,0.0,12000.0,0.0,750.0
2018-05-29 17:03:14.209698,1023.0,2.5,0.0,12000.0,0.0,750.0
2018-05-29 17:03:14.410597,1023.0,2.5,0.0,12000.0,0.0,750.0
2018-05-29 17:03:14.611497,1023.0,2.5,0.0,12000.0,0.0,750.0
2018-05-29 17:03:14.813396,1023.0,2.5,0.0,12000.0,0.0,750.0
2018-05-29 17:03:15.014295,1023.0,2.5,0.0,12000.0,0.0,750.0
2018-05-29 17:03:15.215195,1023.0,2.5,0.0,12000.0,0.0,750.0
2018-05-29 17:03:15.416094,1023.0,2.5,0.0,12000.0,0.0,750.0
2018-05-29 17:03:15.617993,1023.0,2.5,0.0,12000.0,0.0,750.0
2018-05-29 17:03:15.818893,1023.0,2.5,0.0,12000.0,0.0,750.0
2018-05-29 17:03:16.019792,1023.0,2.5,0.0,12000.0,0.0,750.0
2018-05-29 17:03:16.220692,1023.0,2.5,0.0,12000.0,0.0,750.0
2018-05-29 17:03:16.421591,1023.0,2.5,0.0,12000.0,0.0,750.0
2018-05-29 17:03:16.622491,1023.0,2.5,0.0,12000.0,0.0,750.0
2018-05-29 17:03:16.823390,1023.0,2.5,0.0,12000.0,0.0,750.0
2018-05-29 17:03:17.024290,1023.0,2.5,0.0,12000.0,0.0,750.0
2018-05-29 17:03:17.225189,1023.0,2.5,0.0,12000.0,0.0,750.0
2018-05-29 17:03:17.426089,1023.0,2.5,0.0,12000.0,0.0,750.0
2018-05-29 17:03:17.626988,1023.0,2.5,0.0,12000.0,0.0,750.0
2018-05-29 17:03:17.827888,1023.0,2.5,0.0,12000.0,0.0,750.0
2018-05-29 17:03:18.028787,1023.0,2.5,0.0,12000.0,0.0,750.0
2018-05-29 17:03:18.230686,1023.0,2.5,0.0,12000.0,0.0,750.0
2018-05-29 17:03:18.431586,1023.0,2.5,0.0,12000.0,0.0,750.0
2018-05-29 17:03:18.632485,1023.0,2.5,0.0,12000.0,0.0,750.0
2018-05-29 17:03:18.833385,1023.0,2.5,0.0,12000.0,0.0,750.0
2018-05-29 17:03:19.034284,1023.0,2.5,0.0,12000.0,0.0,750.0
2018-05-29 17:03:19.235184,1023.0,2.5,0.0,12000.0,0.0,750.0
2018-05-29 17:03:19.436083,1023.0,2.5,0.0,12000.0,0.0,750.0
2018-05-29 17:03:19.636983,1023.0,2.5,0.0,12000.0,0.0,750.0
2018-05-29 17:03:19.837882,1023.0,2.5,0.0,12000.0,0.0,750.0
2018-05-29 17:03:20.038782,1023.0,2.5,0.0,12000.0,0.0,750.0
2018-05-29 17:03:20.239681,1023.0,2.5,0.0,12000.0,0.0,750.0
2018-05-29 17:03:20.440581,1023.0,2.5,0.0,12000.0,0.0,750.0
2018-05-29 17:03:20.641480,1023.0,2.5,0.0,12000.0,0.0,750.0
2018-05-29 17:03:20.842380,1023.0,2.5,0.0,12000.0,0.0,750.0
2018-05-29 17:03:21.044279,1023.0,2.5,0.0,12000.0,0.0,750.0
2018-05-29 17:03:21.245178,1023.0,2.5,0.0,12000.0,0.0,750.0
2018-05-29 17:03:21.447077,1023.0,2.5,0.0,12000.0,0.0,750.0
2018-05-29 17:03:21.647977,1023.0,2.5,0.0,12000.0,0.0,750.0
2018-05-29 17:03:21.848876,1023.0,2.5,0.0,12000.0,0.0,750.0
2018-05-29 17:03:22.049776,1023.0,2.5,0.0,12000.0,0.0,750.0
2018-05-29 17:03:22.250675,1023.0,2.5,0.0,12000.0,0.0,750.0
2018-05-29 17:03:22.455573,1023.0,2.5,0.0,12000.0,0.0,750.0
2018-05-29 17:03:22.656472,1023.0,2.5,0.0,12000.0,0.0,750.0
2018-05-29 17:03:22.857372,1023.0,2.5,0.0,12000.0,0.0,750.0
2018-05-29 17:03:23.058271,1023.0,2.5,0.0,12000.0,0.0,750.0
2018-05-29 17:03:23.259171,1023.0,2.5,0.0,12000.0,0.0,750.0
2018-05-29 17:03:23.460070,1023.0,2.5,0.0,12000.0,0.0,750.0
2018-05-29 17:03:23.660970,1023.0,2.5,0.0,12000.0,0.0,750.0
2018-05-29 17:03:23.861869,1023.0,2.5,0.0,12000.0,0.0,750.0
2018-05-29 17:03:24.062769,1023.0,2.5,0.0,12000.0,0.0,750.0
2018-05-29 17:03:24.263668,1023.0,2.5,0.0,12000.0,0.0,750.0
2018-05-29 17:03:24.464568,1023.0,2.5,0.0,12000.0,0.0,750.0
2018-05-29 17:03:24.665467,1023.0,2.5,0.0,12000.0,0.0,750.0
2018-05-29 17:03:24.867366,1023.0,2.5,0.0,12000.0,0.0,750.0
2018-05-29 17:03:25.069265,1023.0,2.5,0.0,12000.0,0.0,750.0
2018-05-29 17:03:25.270165,1023.0,2.5,0.0,12000.0,0.0,750.0
2018-05-29 17:03:25.471064,1023.0,2.5,0.0,12000.0,0.0,750.0
2018-05-29 17:03:25.671964,1023.0,2.5,0.0,12000.0,0.0,750.0
2018-05-29 17:03:25.872863,1023.0,2.5,0.0,12000.0,0.0,750.0
2018-05-29 17:03:26.073763,1023.0,2.5,0.0,12000.0,0.0,750.0
2018-05-29 17:03:26.274662,1023.0,2.5,0.0,12000.0,0.0,750.0
2018-05-29 17:03:26.475562,1023.0,2.5,0.0,12000.0,0.0,750.0
2018-05-29 17:03:26.677461,1023.0,2.5,0.0,12000.0,0.0,750.0
2018-05-29 17:03:26.878360,1023.0,2.5,0.0,12000.0,0.0,750.0
2018-05-29 17:03:27.079260,1023.0,2.5,0.0,12000.0,0.0,750.0
2018-05-29 17:03:27.280159,1023.0,2.5,0.0,12000.0,0.0,750.0
2018-05-29 17:03:27.481059,1023.0,2.5,0.0,12000.0,0.0,750.0
2018-05-29 17:03:27.681958,1023.0,2.5,0.0,12000.0,0.0,750.0
2018-05-29 17:03:27.882858,1023.0,2.5,0.0,12000.0,0.0,750.0
2018-05-29 17:03:28.083757,1023.0,2.5,0.0,12000.0,0.0,750.0
2018-05-29 17:03:28.284657,1023.0,2.5,0.0,12000.0,0.0,750.0
2018-05-29 17:03:28.488555,1023.0,2.5,0.0,12000.0,0.0,750.0
2018-05-29 17:03:28.690454,1023.0,2.5,0.0,12000.0,0.0,750.0
2018-05-29 17:03:28.891353,1023.0,2.5,0.0,12000.0,0.0,750.0
2018-05-29 17:03:29.092253,1023.0,2.5,0.0,12000.0,0.0,750.0
2018-05-29 17:03:29.293152,1023.0,2.5,0.0,12000.0,0.0,750.0
2018-05-29 17:03:29.505046,1023.0,2.5,0.0,12000.0,0.0,750.0
2018-05-29 17:03:29.744926,1023.0,2.5,0.0,12000.0,0.0,750.0
2018-05-29 17:03:29.983807,1023.0,2.5,0.0,12000.0,0.0,750.0
2018-05-29 17:03:30.216690,1023.0,2.5,0.0,12000.0,0.0,750.0
2018-05-29 17:03:30.424586,1023.0,2.5,0.0,12000.0,0.0,750.0
2018-05-29 17:03:30.626485,1023.0,2.5,0.0,12000.0,0.0,750.0
2018-05-29 17:03:30.827385,1023.0,2.5,0.0,12000.0,0.0,750.0
2018-05-29 17:03:31.031283,1023.0,2.5,0.0,12000.0,0.0,750.0
2018-05-29 17:03:31.233182,1023.0,2.5,0.0,12000.0,0.0,750.0
2018-05-29 17:03:31.434081,1023.0,2.5,0.0,12000.0,0.0,750.0
2018-05-29 17:03:31.634981,1023.0,2.5,0.0,12000.0,0.0,750.0
2018-05-29 17:03:31.839878,1023.0,2.5,0.0,12000.0,0.0,750.0
2018-05-29 17:03:32.055770,1023.0,2.5,0.0,12000.0,0.0,750.0
2018-05-29 17:03:32.283656,1023.0,2.5,0.0,12000.0,0.0,750.0
2018-05-29 17:03:32.536530,1023.0,2.5,0.0,12000.0,0.0,750.0
2018-05-29 17:03:32.739428,1023.0,2.5,0.0,12000.0,0.0,750.0
2018-05-29 17:03:32.958319,1023.0,2.5,0.0,12000.0,0.0,750.0
2018-05-29 17:03:33.255170,1023.0,2.5,0.0,12000.0,0.0,750.0
2018-05-29 17:03:33.464066,1023.0,2.5,0.0,12000.0,0.0,750.0
2018-05-29 17:03:33.665965,1023.0,2.5,0.0,12000.0,0.0,750.0
2018-05-29 17:03:33.866864,1023.0,2.5,0.0,12000.0,0.0,750.0
2018-05-29 17:03:34.068763,1023.0,2.5,0.0,12000.0,0.0,750.0
2018-05-29 17:03:34.287654,1023.0,2.5,0.0,12000.0,0.0,750.0
2018-05-29 17:03:34.500547,1023.0,2.5,0.0,12000.0,0.0,750.0
2018-05-29 17:03:34.701447,1023.0,2.5,0.0,12000.0,0.0,750.0
2018-05-29 17:03:34.902346,1023.0,2.5,0.0,12000.0,0.0,750.0
2018-05-29 17:03:35.104245,1023.0,2.5,0.0,12000.0,0.0,750.0
2018-05-29 17:03:35.307144,1023.0,2.5,0.0,12000.0,0.0,750.0
2018-05-29 17:03:35.515040,1023.0,2.5,0.0,12000.0,0.0,750.0
2018-05-29 17:03:35.715939,1023.0,2.5,0.0,12000.0,0.0,750.0
2018-05-29 17:03:35.916839,1023.0,2.5,0.0,12000.0,0.0,750.0
2018-05-29 17:03:36.118738,1023.0,2.5,0.0,12000.0,0.0,750.0
2018-05-29 17:03:36.335629,1023.0,2.5,0.0,12000.0,0.0,750.0
2018-05-29 17:03:36.551521,1023.0,2.5,0.0,12000.0,0.0,750.0
2018-05-29 17:03:36.751421,1023.0,2.5,0.0,12000.0,0.0,750.0
2018-05-29 17:03:36.953320,1023.0,2.5,0.0,12000.0,0.0,750.0
2018-05-29 17:03:37.207193,1023.0,2.5,0.0,12000.0,0.0,750.0
2018-05-29 17:03:37.408093,1023.0,2.5,0.0,12000.0,0.0,750.0
2018-05-29 17:03:37.608992,1023.0,2.5,0.0,12000.0,0.0,750.0
2018-05-29 17:03:37.816888,1023.0,2.5,0.0,12000.0,0.0,750.0
2018-05-29 17:03:38.017788,1023.0,2.5,0.0,12000.0,0.0,750.0
2018-05-29 17:03:38.227683,1023.0,2.5,0.0,12000.0,0.0,750.0
2018-05-29 17:03:38.433580,1023.0,2.5,0.0,12000.0,0.0,750.0
2018-05-29 17:03:38.634479,1023.0,2.5,0.0,12000.0,0.0,750.0
2018-05-29 17:03:38.835379,1023.0,2.5,0.0,12000.0,0.0,750.0
2018-05-29 17:03:39.075259,1023.0,2.5,0.0,12000.0,0.0,750.0
2018-05-29 17:03:39.288152,1023.0,2.5,0.0,12000.0,0.0,750.0
2018-05-29 17:03:39.489052,1023.0,2.5,0.0,12000.0,0.0,750.0
2018-05-29 17:03:39.691950,1023.0,2.5,0.0,12000.0,0.0,750.0
2018-05-29 17:03:39.981805,1023.0,2.5,0.0,12000.0,0.0,750.0
2018-05-29 17:03:40.235678,1023.0,2.5,0.0,12000.0,0.0,750.0
2018-05-29 17:03:40.451570,1023.0,2.5,0.0,12000.0,0.0,750.0
2018-05-29 17:03:40.653469,1023.0,2.5,0.0,12000.0,0.0,750.0
2018-05-29 17:03:40.880356,1023.0,2.5,0.0,12000.0,0.0,750.0
2018-05-29 17:03:41.083254,1023.0,2.5,0.0,12000.0,0.0,750.0
2018-05-29 17:03:41.285153,1023.0,2.5,0.0,12000.0,0.0,750.0
2018-05-29 17:03:41.486053,1023.0,2.5,0.0,12000.0,0.0,750.0
2018-05-29 17:03:41.686952,1023.0,2.5,0.0,12000.0,0.0,750.0
2018-05-29 17:03:41.887852,1023.0,2.5,0.0,12000.0,0.0,750.0
2018-05-29 17:03:42.088751,1023.0,2.5,0.0,12000.0,0.0,750.0
2018-05-29 17:03:42.289651,1023.0,2.5,0.0,12000.0,0.0,750.0
2018-05-29 17:03:42.490550,1023.0,2.5,0.0,12000.0,0.0,750.0
2018-05-29 17:03:42.691450,1023.0,2.5,0.0,12000.0,0.0,750.0
2018-05-29 17:03:42.892349,1023.0,2.5,0.0,12000.0,0.0,750.0
2018-05-29 17:03:43.093249,1023.0,2.5,0.0,12000.0,0.0,750.0
2018-05-29 17:03:43.295148,1023.0,2.5,0.0,12000.0,0.0,750.0
2018-05-29 17:03:43.496047,1023.0,2.5,0.0,12000.0,0.0,750.0
2018-05-29 17:03:43.697946,1023.0,2.5,0.0,12000.0,0.0,750.0
2018-05-29 17:03:43.897846,1023.0,2.5,0.0,12000.0,0.0,750.0
2018-05-29 17:03:44.098746,1023.0,2.5,0.0,12000.0,0.0,750.0
2018-05-29 17:03:44.307641,1023.0,2.5,0.0,12000.0,0.0,750.0
2018-05-29 17:03:44.509540,1023.0,2.5,0.0,12000.0,0.0,750.0
2018-05-29 17:03:44.711439,1023.0,2.5,0.0,12000.0,0.0,750.0
2018-05-29 17:03:44.912339,1023.0,2.5,0.0,12000.0,0.0,750.0
2018-05-29 17:03:45.113238,1023.0,2.5,0.0,12000.0,0.0,750.0
2018-05-29 17:03:45.318136,1023.0,2.5,0.0,12000.0,0.0,750.0
2018-05-29 17:03:45.521034,1023.0,2.5,0.0,12000.0,0.0,750.0
2018-05-29 17:03:45.729930,1023.0,2.5,0.0,12000.0,0.0,750.0
2018-05-29 17:03:45.940824,1023.0,2.5,0.0,12000.0,0.0,750.0
2018-05-29 17:03:46.141724,1023.0,2.5,0.0,12000.0,0.0,750.0
2018-05-29 17:03:46.342623,1023.0,2.5,0.0,12000.0,0.0,750.0
2018-05-29 17:03:46.552518,1023.0,2.5,0.0,12000.0,0.0,750.0
2018-05-29 17:03:46.754417,1023.0,2.5,0.0,12000.0,0.0,750.0
2018-05-29 17:03:46.973308,1023.0,2.5,0.0,12000.0,0.0,750.0
2018-05-29 17:03:47.232178,1023.0,2.5,0.0,12000.0,0.0,750.0
2018-05-29 17:03:47.444072,1023.0,2.5,0.0,12000.0,0.0,750.0
2018-05-29 17:03:47.645971,1023.0,2.5,0.0,12000.0,0.0,750.0
2018-05-29 17:03:47.846871,1023.0,2.5,0.0,12000.0,0.0,750.0
2018-05-29 17:03:48.049769,1023.0,2.5,0.0,12000.0,0.0,750.0
2018-05-29 17:03:48.250669,1023.0,2.5,0.0,12000.0,0.0,750.0
2018-05-29 17:03:48.451568,1023.0,2.5,0.0,12000.0,0.0,750.0
2018-05-29 17:03:48.652468,1023.0,2.5,0.0,12000.0,0.0,750.0
2018-05-29 17:03:48.853367,1023.0,2.5,0.0,12000.0,0.0,750.0
2018-05-29 17:03:49.054267,1023.0,2.5,0.0,12000.0,0.0,750.0
2018-05-29 17:03:49.255166,1023.0,2.5,0.0,12000.0,0.0,750.0
2018-05-29 17:03:49.456066,1023.0,2.5,0.0,12000.0,0.0,750.0
2018-05-29 17:03:49.656965,1023.0,2.5,0.0,12000.0,0.0,750.0
2018-05-29 17:03:49.857865,1023.0,2.5,0.0,12000.0,0.0,750.0
2018-05-29 17:03:50.089749,1023.0,2.5,0.0,12000.0,0.0,750.0
2018-05-29 17:03:50.290648,1023.0,2.5,0.0,12000.0,0.0,750.0
2018-05-29 17:03:50.501543,1023.0,2.5,0.0,12000.0,0.0,750.0
2018-05-29 17:03:50.761413,1023.0,2.5,0.0,12000.0,0.0,750.0
2018-05-29 17:03:51.010288,1023.0,2.5,0.0,12000.0,0.0,750.0
2018-05-29 17:03:51.212187,1023.0,2.5,0.0,12000.0,0.0,750.0
2018-05-29 17:03:51.414086,1023.0,2.5,0.0,12000.0,0.0,750.0
2018-05-29 17:03:51.614986,1023.0,2.5,0.0,12000.0,0.0,750.0
2018-05-29 17:03:51.815885,1023.0,2.5,0.0,12000.0,0.0,750.0
2018-05-29 17:03:52.016785,1023.0,2.5,0.0,12000.0,0.0,750.0
2018-05-29 17:03:52.217684,1023.0,2.5,0.0,12000.0,0.0,750.0
2018-05-29 17:03:52.418584,1023.0,2.5,0.0,12000.0,0.0,750.0
2018-05-29 17:03:52.619483,1023.0,2.5,0.0,12000.0,0.0,750.0
2018-05-29 17:03:52.820383,1023.0,2.5,0.0,12000.0,0.0,750.0
2018-05-29 17:03:53.022282,1023.0,2.5,0.0,12000.0,0.0,750.0
2018-05-29 17:03:53.224181,1023.0,2.5,0.0,12000.0,0.0,750.0
2018-05-29 17:03:53.424081,1023.0,2.5,0.0,12000.0,0.0,750.0
2018-05-29 17:03:53.624980,1023.0,2.5,0.0,12000.0,0.0,750.0
2018-05-29 17:03:53.825880,1023.0,2.5,0.0,12000.0,0.0,750.0
2018-05-29 17:03:54.026779,1023.0,2.5,0.0,12000.0,0.0,750.0
2018-05-29 17:03:54.227679,1023.0,2.5,0.0,12000.0,0.0,750.0
2018-05-29 17:03:54.430577,1023.0,2.5,0.0,12000.0,0.0,750.0
2018-05-29 17:03:54.631477,1023.0,2.5,0.0,12000.0,0.0,750.0
2018-05-29 17:03:54.836374,1023.0,2.5,0.0,12000.0,0.0,750.0
2018-05-29 17:03:55.042271,1023.0,2.5,0.0,12000.0,0.0,750.0
2018-05-29 17:03:55.249168,1023.0,2.5,0.0,12000.0,0.0,750.0
2018-05-29 17:03:55.464060,1023.0,2.5,0.0,12000.0,0.0,750.0
2018-05-29 17:03:55.718933,1023.0,2.5,0.0,12000.0,0.0,750.0
2018-05-29 17:03:55.943820,1023.0,2.5,0.0,12000.0,0.0,750.0
2018-05-29 17:03:56.239672,1023.0,2.5,0.0,12000.0,0.0,750.0
2018-05-29 17:03:56.443570,1023.0,2.5,0.0,12000.0,0.0,750.0
2018-05-29 17:03:56.644470,1023.0,2.5,0.0,12000.0,0.0,750.0
2018-05-29 17:03:56.846369,1023.0,2.5,0.0,12000.0,0.0,750.0
2018-05-29 17:03:57.046269,1023.0,2.5,0.0,12000.0,0.0,750.0
2018-05-29 17:03:57.247168,1023.0,2.5,0.0,12000.0,0.0,750.0
2018-05-29 17:03:57.458063,1023.0,2.5,0.0,12000.0,0.0,750.0
2018-05-29 17:03:57.713935,1023.0,2.5,0.0,12000.0,0.0,750.0
2018-05-29 17:03:57.931826,1023.0,2.5,0.0,12000.0,0.0,750.0
2018-05-29 17:03:58.133725,1023.0,2.5,0.0,12000.0,0.0,750.0
2018-05-29 17:03:58.334624,1023.0,2.5,0.0,12000.0,0.0,750.0
2018-05-29 17:03:58.535524,1023.0,2.5,0.0,12000.0,0.0,750.0
2018-05-29 17:03:58.736423,1023.0,2.5,0.0,12000.0,0.0,750.0
2018-05-29 17:03:58.938322,1023.0,2.5,0.0,12000.0,0.0,750.0
2018-05-29 17:03:59.139222,1023.0,2.5,0.0,12000.0,0.0,750.0
2018-05-29 17:03:59.340121,1023.0,2.5,0.0,12000.0,0.0,750.0
2018-05-29 17:03:59.541021,1023.0,2.5,0.0,12000.0,0.0,750.0
2018-05-29 17:03:59.741920,1023.0,2.5,0.0,12000.0,0.0,750.0
2018-05-29 17:03:59.944819,1023.0,2.5,0.0,12000.0,0.0,750.0
2018-05-29 17:04:00.145718,1023.0,2.5,0.0,12000.0,0.0,750.0
2018-05-29 17:04:00.347617,1023.0,2.5,0.0,12000.0,0.0,750.0
2018-05-29 17:04:00.549516,1023.0,2.5,0.0,12000.0,0.0,750.0
2018-05-29 17:04:00.750416,1023.0,2.5,0.0,12000.0,0.0,750.0
2018-05-29 17:04:00.955313,1023.0,2.5,0.0,12000.0,0.0,750.0
2018-05-29 17:04:01.161210,1023.0,2.5,0.0,12000.0,0.0,750.0
2018-05-29 17:04:01.362110,1023.0,2.5,0.0,12000.0,0.0,750.0
2018-05-29 17:04:01.563009,1023.0,2.5,0.0,12000.0,0.0,750.0
2018-05-29 17:04:01.763909,1023.0,2.5,0.0,12000.0,0.0,750.0
2018-05-29 17:04:01.964808,1023.0,2.5,0.0,12000.0,0.0,750.0
2018-05-29 17:04:02.165708,1023.0,2.5,0.0,12000.0,0.0,750.0
2018-05-29 17:04:02.371605,1023.0,2.5,0.0,12000.0,0.0,750.0
2018-05-29 17:04:02.572504,1023.0,2.5,0.0,12000.0,0.0,750.0
2018-05-29 17:04:02.774403,1023.0,2.5,0.0,12000.0,0.0,750.0
2018-05-29 17:04:02.986297,1023.0,2.5,0.0,12000.0,0.0,750.0
2018-05-29 17:04:03.248166,1023.0,2.5,0.0,12000.0,0.0,750.0
2018-05-29 17:04:03.476052,1023.0,2.5,0.0,12000.0,0.0,750.0
2018-05-29 17:04:03.677951,1023.0,2.5,0.0,12000.0,0.0,750.0
2018-05-29 17:04:03.895842,1023.0,2.5,0.0,12000.0,0.0,750.0
2018-05-29 17:04:04.096742,1023.0,2.5,0.0,12000.0,0.0,750.0
2018-05-29 17:04:04.297641,1023.0,2.5,0.0,12000.0,0.0,750.0
2018-05-29 17:04:04.525527,1023.0,2.5,0.0,12000.0,0.0,750.0
2018-05-29 17:04:04.726427,1023.0,2.5,0.0,12000.0,0.0,750.0
2018-05-29 17:04:04.927326,1023.0,2.5,0.0,12000.0,0.0,750.0
2018-05-29 17:04:05.128226,1023.0,2.5,0.0,12000.0,0.0,750.0
2018-05-29 17:04:05.331124,1023.0,2.5,0.0,12000.0,0.0,750.0
2018-05-29 17:04:05.532024,1023.0,2.5,0.0,12000.0,0.0,750.0
2018-05-29 17:04:05.732923,1023.0,2.5,0.0,12000.0,0.0,750.0
2018-05-29 17:04:05.933823,1023.0,2.5,0.0,12000.0,0.0,750.0
2018-05-29 17:04:06.135722,1023.0,2.5,0.0,12000.0,0.0,750.0
2018-05-29 17:04:06.336621,1023.0,2.5,0.0,12000.0,0.0,750.0
2018-05-29 17:04:06.537521,1023.0,2.5,0.0,12000.0,0.0,750.0
2018-05-29 17:04:06.738420,1023.0,2.5,0.0,12000.0,0.0,750.0
2018-05-29 17:04:06.940319,1023.0,2.5,0.0,12000.0,0.0,750.0
2018-05-29 17:04:07.141219,1023.0,2.5,0.0,12000.0,0.0,750.0
2018-05-29 17:04:07.342118,1023.0,2.5,0.0,12000.0,0.0,750.0
2018-05-29 17:04:07.543018,1023.0,2.5,0.0,12000.0,0.0,750.0
2018-05-29 17:04:07.743917,1023.0,2.5,0.0,12000.0,0.0,750.0
2018-05-29 17:04:07.944817,1023.0,2.5,0.0,12000.0,0.0,750.0
2018-05-29 17:04:08.145716,1023.0,2.5,0.0,12000.0,0.0,750.0
2018-05-29 17:04:08.346616,1023.0,2.5,0.0,12000.0,0.0,750.0
2018-05-29 17:04:08.550514,1023.0,2.5,0.0,12000.0,0.0,750.0
2018-05-29 17:04:08.755411,1023.0,2.5,0.0,12000.0,0.0,750.0
2018-05-29 17:04:08.957310,1023.0,2.5,0.0,12000.0,0.0,750.0
2018-05-29 17:04:09.158210,1023.0,2.5,0.0,12000.0,0.0,750.0
2018-05-29 17:04:09.360109,1023.0,2.5,0.0,12000.0,0.0,750.0
2018-05-29 17:04:09.561008,1023.0,2.5,0.0,12000.0,0.0,750.0
2018-05-29 17:04:09.761908,1023.0,2.5,0.0,12000.0,0.0,750.0
2018-05-29 17:04:09.962807,1023.0,2.5,0.0,12000.0,0.0,750.0
2018-05-29 17:04:10.163707,1023.0,2.5,0.0,12000.0,0.0,750.0
2018-05-29 17:04:10.387595,1023.0,2.5,0.0,12000.0,0.0,750.0
2018-05-29 17:04:10.589494,1023.0,2.5,0.0,12000.0,0.0,750.0
2018-05-29 17:04:10.791393,1023.0,2.5,0.0,12000.0,0.0,750.0
2018-05-29 17:04:10.993292,1023.0,2.5,0.0,12000.0,0.0,750.0
2018-05-29 17:04:11.197190,1023.0,2.5,0.0,12000.0,0.0,750.0
2018-05-29 17:04:11.398089,1023.0,2.5,0.0,12000.0,0.0,750.0
2018-05-29 17:04:11.598989,1023.0,2.5,0.0,12000.0,0.0,750.0
2018-05-29 17:04:11.800888,1023.0,2.5,0.0,12000.0,0.0,750.0
2018-05-29 17:04:12.001787,1023.0,2.5,0.0,12000.0,0.0,750.0
2018-05-29 17:04:12.202687,1023.0,2.5,0.0,12000.0,0.0,750.0
2018-05-29 17:04:12.403586,1023.0,2.5,0.0,12000.0,0.0,750.0
2018-05-29 17:04:12.604486,1023.0,2.5,0.0,12000.0,0.0,750.0
2018-05-29 17:04:12.805385,1023.0,2.5,0.0,12000.0,0.0,750.0
2018-05-29 17:04:13.006285,1023.0,2.5,0.0,12000.0,0.0,750.0
2018-05-29 17:04:13.213181,1023.0,2.5,0.0,12000.0,0.0,750.0
2018-05-29 17:04:13.414081,1023.0,2.5,0.0,12000.0,0.0,750.0
2018-05-29 17:04:13.625975,1023.0,2.5,0.0,12000.0,0.0,750.0
2018-05-29 17:04:13.842866,1023.0,2.5,0.0,12000.0,0.0,750.0
2018-05-29 17:04:14.048763,1023.0,2.5,0.0,12000.0,0.0,750.0
2018-05-29 17:04:14.256659,1023.0,2.5,0.0,12000.0,0.0,750.0
2018-05-29 17:04:14.461557,1023.0,2.5,0.0,12000.0,0.0,750.0
2018-05-29 17:04:14.693441,1023.0,2.5,0.0,12000.0,0.0,750.0
2018-05-29 17:04:14.901337,1023.0,2.5,0.0,12000.0,0.0,750.0
2018-05-29 17:04:15.105235,1023.0,2.5,0.0,12000.0,0.0,750.0
2018-05-29 17:04:15.307134,1023.0,2.5,0.0,12000.0,0.0,750.0
2018-05-29 17:04:15.509033,1023.0,2.5,0.0,12000.0,0.0,750.0
2018-05-29 17:04:15.709932,1023.0,2.5,0.0,12000.0,0.0,750.0
2018-05-29 17:04:15.910832,1023.0,2.5,0.0,12000.0,0.0,750.0
2018-05-29 17:04:16.111731,1023.0,2.5,0.0,12000.0,0.0,750.0
2018-05-29 17:04:16.312631,1023.0,2.5,0.0,12000.0,0.0,750.0
2018-05-29 17:04:16.513530,1023.0,2.5,0.0,12000.0,0.0,750.0
2018-05-29 17:04:16.715429,1023.0,2.5,0.0,12000.0,0.0,750.0
2018-05-29 17:04:16.926324,1023.0,2.5,0.0,12000.0,0.0,750.0
2018-05-29 17:04:17.128223,1023.0,2.5,0.0,12000.0,0.0,750.0
2018-05-29 17:04:17.329122,1023.0,2.5,0.0,12000.0,0.0,750.0
2018-05-29 17:04:17.531021,1023.0,2.5,0.0,12000.0,0.0,750.0
2018-05-29 17:04:17.732920,1023.0,2.5,0.0,12000.0,0.0,750.0
2018-05-29 17:04:17.935819,1023.0,2.5,0.0,12000.0,0.0,750.0
2018-05-29 17:04:18.138717,1023.0,2.5,0.0,12000.0,0.0,750.0
2018-05-29 17:04:18.375599,1023.0,2.5,0.0,12000.0,0.0,750.0
2018-05-29 17:04:18.609482,1023.0,2.5,0.0,12000.0,0.0,750.0
2018-05-29 17:04:18.831371,1023.0,2.5,0.0,12000.0,0.0,750.0
2018-05-29 17:04:19.093240,1023.0,2.5,0.0,12000.0,0.0,750.0
2018-05-29 17:04:19.295139,1023.0,2.5,0.0,12000.0,0.0,750.0
2018-05-29 17:04:19.496038,1023.0,2.5,0.0,12000.0,0.0,750.0
2018-05-29 17:04:19.697937,1023.0,2.5,0.0,12000.0,0.0,750.0
2018-05-29 17:04:19.897837,1023.0,2.5,0.0,12000.0,0.0,750.0
2018-05-29 17:04:20.098737,1023.0,2.5,0.0,12000.0,0.0,750.0
2018-05-29 17:04:20.301635,1023.0,2.5,0.0,12000.0,0.0,750.0
2018-05-29 17:04:20.502535,1023.0,2.5,0.0,12000.0,0.0,750.0
2018-05-29 17:04:20.703434,1023.0,2.5,0.0,12000.0,0.0,750.0
2018-05-29 17:04:20.904334,1023.0,2.5,0.0,12000.0,0.0,750.0
2018-05-29 17:04:21.105233,1023.0,2.5,0.0,12000.0,0.0,750.0
2018-05-29 17:04:21.307132,1023.0,2.5,0.0,12000.0,0.0,750.0
2018-05-29 17:04:21.508032,1023.0,2.5,0.0,12000.0,0.0,750.0
2018-05-29 17:04:21.708931,1023.0,2.5,0.0,12000.0,0.0,750.0
2018-05-29 17:04:21.910830,1023.0,2.5,0.0,12000.0,0.0,750.0
2018-05-29 17:04:22.111730,1023.0,2.5,0.0,12000.0,0.0,750.0
2018-05-29 17:04:22.313629,1023.0,2.5,0.0,12000.0,0.0,750.0
2018-05-29 17:04:22.521525,1023.0,2.5,0.0,12000.0,0.0,750.0
2018-05-29 17:04:22.740415,1023.0,2.5,0.0,12000.0,0.0,750.0
2018-05-29 17:04:22.942314,1023.0,2.5,0.0,12000.0,0.0,750.0
2018-05-29 17:04:23.143214,1023.0,2.5,0.0,12000.0,0.0,750.0
2018-05-29 17:04:23.380095,1023.0,2.5,0.0,12000.0,0.0,750.0
2018-05-29 17:04:23.614978,1023.0,2.5,0.0,12000.0,0.0,750.0
2018-05-29 17:04:23.819875,1023.0,2.5,0.0,12000.0,0.0,750.0
2018-05-29 17:04:24.020775,1023.0,2.5,0.0,12000.0,0.0,750.0
2018-05-29 17:04:24.222674,1023.0,2.5,0.0,12000.0,0.0,750.0
2018-05-29 17:04:24.423573,1023.0,2.5,0.0,12000.0,0.0,750.0
2018-05-29 17:04:24.632469,1023.0,2.5,0.0,12000.0,0.0,750.0
2018-05-29 17:04:24.833368,1023.0,2.5,0.0,12000.0,0.0,750.0
2018-05-29 17:04:25.034268,1023.0,2.5,0.0,12000.0,0.0,750.0
2018-05-29 17:04:25.235167,1023.0,2.5,0.0,12000.0,0.0,750.0
2018-05-29 17:04:25.436067,1023.0,2.5,0.0,12000.0,0.0,750.0
2018-05-29 17:04:25.637966,1023.0,2.5,0.0,12000.0,0.0,750.0
2018-05-29 17:04:25.838865,1023.0,2.5,0.0,12000.0,0.0,750.0
2018-05-29 17:04:26.039765,1023.0,2.5,0.0,12000.0,0.0,750.0
2018-05-29 17:04:26.241664,1023.0,2.5,0.0,12000.0,0.0,750.0
2018-05-29 17:04:26.441564,1023.0,2.5,0.0,12000.0,0.0,750.0
2018-05-29 17:04:26.642463,1023.0,2.5,0.0,12000.0,0.0,750.0
2018-05-29 17:04:26.843363,1023.0,2.5,0.0,12000.0,0.0,750.0
2018-05-29 17:04:27.044262,1023.0,2.5,0.0,12000.0,0.0,750.0
2018-05-29 17:04:27.245162,1023.0,2.5,0.0,12000.0,0.0,750.0
2018-05-29 17:04:27.448060,1023.0,2.5,0.0,12000.0,0.0,750.0
2018-05-29 17:04:27.651958,1023.0,2.5,0.0,12000.0,0.0,750.0
2018-05-29 17:04:27.852858,1023.0,2.5,0.0,12000.0,0.0,750.0
2018-05-29 17:04:28.053757,1023.0,2.5,0.0,12000.0,0.0,750.0
2018-05-29 17:04:28.254657,1023.0,2.5,0.0,12000.0,0.0,750.0
2018-05-29 17:04:28.456556,1023.0,2.5,0.0,12000.0,0.0,750.0
2018-05-29 17:04:28.665451,1023.0,2.5,0.0,12000.0,0.0,750.0
2018-05-29 17:04:28.876346,1023.0,2.5,0.0,12000.0,0.0,750.0
2018-05-29 17:04:29.077245,1023.0,2.5,0.0,12000.0,0.0,750.0
2018-05-29 17:04:29.279144,1023.0,2.5,0.0,12000.0,0.0,750.0
2018-05-29 17:04:29.481043,1023.0,2.5,0.0,12000.0,0.0,750.0
2018-05-29 17:04:29.681943,1023.0,2.5,0.0,12000.0,0.0,750.0
2018-05-29 17:04:29.882842,1023.0,2.5,0.0,12000.0,0.0,750.0
2018-05-29 17:04:30.083742,1023.0,2.5,0.0,12000.0,0.0,750.0
2018-05-29 17:04:30.285641,1023.0,2.5,0.0,12000.0,0.0,750.0
2018-05-29 17:04:30.486540,1023.0,2.5,0.0,12000.0,0.0,750.0
2018-05-29 17:04:30.688439,1023.0,2.5,0.0,12000.0,0.0,750.0
2018-05-29 17:04:30.889339,1023.0,2.5,0.0,12000.0,0.0,750.0
2018-05-29 17:04:31.090238,1023.0,2.5,0.0,12000.0,0.0,750.0
2018-05-29 17:04:31.292137,1023.0,2.5,0.0,12000.0,0.0,750.0
2018-05-29 17:04:31.493037,1023.0,2.5,0.0,12000.0,0.0,750.0
2018-05-29 17:04:31.693936,1023.0,2.5,0.0,12000.0,0.0,750.0
2018-05-29 17:04:31.904831,1023.0,2.5,0.0,12000.0,0.0,750.0
2018-05-29 17:04:32.105730,1023.0,2.5,0.0,12000.0,0.0,750.0
2018-05-29 17:04:32.306630,1023.0,2.5,0.0,12000.0,0.0,750.0
2018-05-29 17:04:32.517524,1023.0,2.5,0.0,12000.0,0.0,750.0
2018-05-29 17:04:32.718424,1023.0,2.5,0.0,12000.0,0.0,750.0
2018-05-29 17:04:32.919323,1023.0,2.5,0.0,12000.0,0.0,750.0
2018-05-29 17:04:33.122222,1023.0,2.5,0.0,12000.0,0.0,750.0
2018-05-29 17:04:33.323121,1023.0,2.5,0.0,12000.0,0.0,750.0
2018-05-29 17:04:33.531017,1023.0,2.5,0.0,12000.0,0.0,750.0
2018-05-29 17:04:33.731917,1023.0,2.5,0.0,12000.0,0.0,750.0
2018-05-29 17:04:33.932816,1023.0,2.5,0.0,12000.0,0.0,750.0
2018-05-29 17:04:34.135715,1023.0,2.5,0.0,12000.0,0.0,750.0
2018-05-29 17:04:34.336614,1023.0,2.5,0.0,12000.0,0.0,750.0
2018-05-29 17:04:34.537514,1023.0,2.5,0.0,12000.0,0.0,750.0
2018-05-29 17:04:34.738413,1023.0,2.5,0.0,12000.0,0.0,750.0
2018-05-29 17:04:34.939313,1023.0,2.5,0.0,12000.0,0.0,750.0
2018-05-29 17:04:35.140212,1023.0,2.5,0.0,12000.0,0.0,750.0
2018-05-29 17:04:35.341112,1023.0,2.5,0.0,12000.0,0.0,750.0
2018-05-29 17:04:35.542011,1023.0,2.5,0.0,12000.0,0.0,750.0
2018-05-29 17:04:35.742911,1023.0,2.5,0.0,12000.0,0.0,750.0
2018-05-29 17:04:35.943810,1023.0,2.5,0.0,12000.0,0.0,750.0
2018-05-29 17:04:36.145709,1023.0,2.5,0.0,12000.0,0.0,750.0
2018-05-29 17:04:36.346609,1023.0,2.5,0.0,12000.0,0.0,750.0
2018-05-29 17:04:36.547508,1023.0,2.5,0.0,12000.0,0.0,750.0
2018-05-29 17:04:36.748408,1023.0,2.5,0.0,12000.0,0.0,750.0
2018-05-29 17:04:36.951306,1023.0,2.5,0.0,12000.0,0.0,750.0
2018-05-29 17:04:37.152206,1023.0,2.5,0.0,12000.0,0.0,750.0
2018-05-29 17:04:37.353105,1023.0,2.5,0.0,12000.0,0.0,750.0
2018-05-29 17:04:37.554005,1023.0,2.5,0.0,12000.0,0.0,750.0
2018-05-29 17:04:37.754904,1023.0,2.5,0.0,12000.0,0.0,750.0
2018-05-29 17:04:37.956803,1023.0,2.5,0.0,12000.0,0.0,750.0
2018-05-29 17:04:38.158702,1023.0,2.5,0.0,12000.0,0.0,750.0
2018-05-29 17:04:38.359602,1023.0,2.5,0.0,12000.0,0.0,750.0
2018-05-29 17:04:38.560501,1023.0,2.5,0.0,12000.0,0.0,750.0
2018-05-29 17:04:38.761401,1023.0,2.5,0.0,12000.0,0.0,750.0
2018-05-29 17:04:38.964299,1023.0,2.5,0.0,12000.0,0.0,750.0
2018-05-29 17:04:39.164199,1023.0,2.5,0.0,12000.0,0.0,750.0
2018-05-29 17:04:39.365099,1023.0,2.5,0.0,12000.0,0.0,750.0
2018-05-29 17:04:39.565998,1023.0,2.5,0.0,12000.0,0.0,750.0
2018-05-29 17:04:39.766898,1023.0,2.5,0.0,12000.0,0.0,750.0
2018-05-29 17:04:39.967797,1023.0,2.5,0.0,12000.0,0.0,750.0
2018-05-29 17:04:40.168697,1023.0,2.5,0.0,12000.0,0.0,750.0
2018-05-29 17:04:40.376593,1023.0,2.5,0.0,12000.0,0.0,750.0
2018-05-29 17:04:40.577492,1023.0,2.5,0.0,12000.0,0.0,750.0
2018-05-29 17:04:40.778392,1023.0,2.5,0.0,12000.0,0.0,750.0
2018-05-29 17:04:40.979291,1023.0,2.5,0.0,12000.0,0.0,750.0
2018-05-29 17:04:41.182190,1023.0,2.5,0.0,12000.0,0.0,750.0
2018-05-29 17:04:41.382090,1023.0,2.5,0.0,12000.0,0.0,750.0
2018-05-29 17:04:41.583989,1023.0,2.5,0.0,12000.0,0.0,750.0
2018-05-29 17:04:41.784888,1023.0,2.5,0.0,12000.0,0.0,750.0
2018-05-29 17:04:41.986787,1023.0,2.5,0.0,12000.0,0.0,750.0
2018-05-29 17:04:42.187687,1023.0,2.5,0.0,12000.0,0.0,750.0
2018-05-29 17:04:42.389586,1023.0,2.5,0.0,12000.0,0.0,750.0
2018-05-29 17:04:42.590485,1023.0,2.5,0.0,12000.0,0.0,750.0
2018-05-29 17:04:42.791385,1023.0,2.5,0.0,12000.0,0.0,750.0
2018-05-29 17:04:42.993284,1023.0,2.5,0.0,12000.0,0.0,750.0
2018-05-29 17:04:43.194183,1023.0,2.5,0.0,12000.0,0.0,750.0
2018-05-29 17:04:43.395083,1023.0,2.5,0.0,12000.0,0.0,750.0
2018-05-29 17:04:43.595982,1023.0,2.5,0.0,12000.0,0.0,750.0
2018-05-29 17:04:43.796882,1023.0,2.5,0.0,12000.0,0.0,750.0
2018-05-29 17:04:43.997781,1023.0,2.5,0.0,12000.0,0.0,750.0
2018-05-29 17:04:44.199680,1023.0,2.5,0.0,12000.0,0.0,750.0
2018-05-29 17:04:44.400580,1023.0,2.5,0.0,12000.0,0.0,750.0
2018-05-29 17:04:44.604478,1023.0,2.5,0.0,12000.0,0.0,750.0
2018-05-29 17:04:44.806377,1023.0,2.5,0.0,12000.0,0.0,750.0
2018-05-29 17:04:45.007276,1023.0,2.5,0.0,12000.0,0.0,750.0
2018-05-29 17:04:45.208176,1023.0,2.5,0.0,12000.0,0.0,750.0
2018-05-29 17:04:45.409075,1023.0,2.5,0.0,12000.0,0.0,750.0
2018-05-29 17:04:45.609975,1023.0,2.5,0.0,12000.0,0.0,750.0
2018-05-29 17:04:45.810874,1023.0,2.5,0.0,12000.0,0.0,750.0
2018-05-29 17:04:46.011774,1023.0,2.5,0.0,12000.0,0.0,750.0
2018-05-29 17:04:46.213673,1023.0,2.5,0.0,12000.0,0.0,750.0
2018-05-29 17:04:46.414572,1023.0,2.5,0.0,12000.0,0.0,750.0
2018-05-29 17:04:46.615472,1023.0,2.5,0.0,12000.0,0.0,750.0
2018-05-29 17:04:46.816371,1023.0,2.5,0.0,12000.0,0.0,750.0
2018-05-29 17:04:47.017271,1023.0,2.5,0.0,12000.0,0.0,750.0
2018-05-29 17:04:47.218170,1023.0,2.5,0.0,12000.0,0.0,750.0
2018-05-29 17:04:47.419070,1023.0,2.5,0.0,12000.0,0.0,750.0
2018-05-29 17:04:47.619969,1023.0,2.5,0.0,12000.0,0.0,750.0
2018-05-29 17:04:47.820869,1023.0,2.5,0.0,12000.0,0.0,750.0
2018-05-29 17:04:48.021768,1023.0,2.5,0.0,12000.0,0.0,750.0
2018-05-29 17:04:48.223667,1023.0,2.5,0.0,12000.0,0.0,750.0
2018-05-29 17:04:48.424567,1023.0,2.5,0.0,12000.0,0.0,750.0
2018-05-29 17:04:48.625466,1023.0,2.5,0.0,12000.0,0.0,750.0
2018-05-29 17:04:48.828365,1023.0,2.5,0.0,12000.0,0.0,750.0
2018-05-29 17:04:49.029264,1023.0,2.5,0.0,12000.0,0.0,750.0
2018-05-29 17:04:49.230164,1023.0,2.5,0.0,12000.0,0.0,750.0
2018-05-29 17:04:49.431063,1023.0,2.5,0.0,12000.0,0.0,750.0
2018-05-29 17:04:49.631963,1023.0,2.5,0.0,12000.0,0.0,750.0
2018-05-29 17:04:49.832862,1023.0,2.5,0.0,12000.0,0.0,750.0
2018-05-29 17:04:50.034761,1023.0,2.5,0.0,12000.0,0.0,750.0
2018-05-29 17:04:50.235661,1023.0,2.5,0.0,12000.0,0.0,750.0
2018-05-29 17:04:50.437560,1023.0,2.5,0.0,12000.0,0.0,750.0
2018-05-29 17:04:50.638459,1023.0,2.5,0.0,12000.0,0.0,750.0
2018-05-29 17:04:50.839359,1023.0,2.5,0.0,12000.0,0.0,750.0
2018-05-29 17:04:51.040258,1023.0,2.5,0.0,12000.0,0.0,750.0
2018-05-29 17:04:51.241158,1023.0,2.5,0.0,12000.0,0.0,750.0
2018-05-29 17:04:51.442057,1023.0,2.5,0.0,12000.0,0.0,750.0
2018-05-29 17:04:51.642957,1023.0,2.5,0.0,12000.0,0.0,750.0
2018-05-29 17:04:51.843856,1023.0,2.5,0.0,12000.0,0.0,750.0
2018-05-29 17:04:52.045755,1023.0,2.5,0.0,12000.0,0.0,750.0
2018-05-29 17:04:52.256650,1023.0,2.5,0.0,12000.0,0.0,750.0
2018-05-29 17:04:52.457549,1023.0,2.5,0.0,12000.0,0.0,750.0
2018-05-29 17:04:52.658449,1023.0,2.5,0.0,12000.0,0.0,750.0
2018-05-29 17:04:52.860348,1023.0,2.5,0.0,12000.0,0.0,750.0
2018-05-29 17:04:53.067244,1023.0,2.5,0.0,12000.0,0.0,750.0
2018-05-29 17:04:53.268144,1023.0,2.5,0.0,12000.0,0.0,750.0
2018-05-29 17:04:53.469043,1023.0,2.5,0.0,12000.0,0.0,750.0
2018-05-29 17:04:53.669943,1023.0,2.5,0.0,12000.0,0.0,750.0
2018-05-29 17:04:53.870842,1023.0,2.5,0.0,12000.0,0.0,750.0
2018-05-29 17:04:54.072741,1023.0,2.5,0.0,12000.0,0.0,750.0
2018-05-29 17:04:54.273641,1023.0,2.5,0.0,12000.0,0.0,750.0
2018-05-29 17:04:54.475540,1023.0,2.5,0.0,12000.0,0.0,750.0
2018-05-29 17:04:54.676439,1023.0,2.5,0.0,12000.0,0.0,750.0
2018-05-29 17:04:54.877339,1023.0,2.5,0.0,12000.0,0.0,750.0
2018-05-29 17:04:55.078238,1023.0,2.5,0.0,12000.0,0.0,750.0
2018-05-29 17:04:55.279138,1023.0,2.5,0.0,12000.0,0.0,750.0
2018-05-29 17:04:55.480037,1023.0,2.5,0.0,12000.0,0.0,750.0
2018-05-29 17:04:55.680937,1023.0,2.5,0.0,12000.0,0.0,750.0
2018-05-29 17:04:55.881836,1023.0,2.5,0.0,12000.0,0.0,750.0
2018-05-29 17:04:56.082736,1023.0,2.5,0.0,12000.0,0.0,750.0
2018-05-29 17:04:56.283635,1023.0,2.5,0.0,12000.0,0.0,750.0
2018-05-29 17:04:56.484535,1023.0,2.5,0.0,12000.0,0.0,750.0
2018-05-29 17:04:56.685434,1023.0,2.5,0.0,12000.0,0.0,750.0
2018-05-29 17:04:56.887333,1023.0,2.5,0.0,12000.0,0.0,750.0
2018-05-29 17:04:57.088233,1023.0,2.5,0.0,12000.0,0.0,750.0
2018-05-29 17:04:57.290132,1023.0,2.5,0.0,12000.0,0.0,750.0
2018-05-29 17:04:57.491031,1023.0,2.5,0.0,12000.0,0.0,750.0
2018-05-29 17:04:57.691931,1023.0,2.5,0.0,12000.0,0.0,750.0
2018-05-29 17:04:57.892830,1023.0,2.5,0.0,12000.0,0.0,750.0
2018-05-29 17:04:58.093730,1023.0,2.5,0.0,12000.0,0.0,750.0
2018-05-29 17:04:58.294629,1023.0,2.5,0.0,12000.0,0.0,750.0
2018-05-29 17:04:58.495529,1023.0,2.5,0.0,12000.0,0.0,750.0
2018-05-29 17:04:58.696428,1023.0,2.5,0.0,12000.0,0.0,750.0
2018-05-29 17:04:58.897328,1023.0,2.5,0.0,12000.0,0.0,750.0
2018-05-29 17:04:59.099227,1023.0,2.5,0.0,12000.0,0.0,750.0
2018-05-29 17:04:59.301126,1023.0,2.5,0.0,12000.0,0.0,750.0
2018-05-29 17:04:59.502025,1023.0,2.5,0.0,12000.0,0.0,750.0
2018-05-29 17:04:59.703924,1023.0,2.5,0.0,12000.0,0.0,750.0
2018-05-29 17:04:59.904824,1023.0,2.5,0.0,12000.0,0.0,750.0
2018-05-29 17:05:00.106723,1023.0,2.5,0.0,12000.0,0.0,750.0
2018-05-29 17:05:00.314619,1023.0,2.5,0.0,12000.0,0.0,750.0
2018-05-29 17:05:00.515518,1023.0,2.5,0.0,12000.0,0.0,750.0
2018-05-29 17:05:00.717417,1023.0,2.5,0.0,12000.0,0.0,750.0
2018-05-29 17:05:00.921315,1023.0,2.5,0.0,12000.0,0.0,750.0
2018-05-29 17:05:01.126213,1023.0,2.5,0.0,12000.0,0.0,750.0
2018-05-29 17:05:01.327112,1023.0,2.5,0.0,12000.0,0.0,750.0
2018-05-29 17:05:01.532010,1023.0,2.5,0.0,12000.0,0.0,750.0
2018-05-29 17:05:01.732909,1023.0,2.5,0.0,12000.0,0.0,750.0
2018-05-29 17:05:01.933809,1023.0,2.5,0.0,12000.0,0.0,750.0
2018-05-29 17:05:02.134708,1023.0,2.5,0.0,12000.0,0.0,750.0
2018-05-29 17:05:02.335608,1023.0,2.5,0.0,12000.0,0.0,750.0
2018-05-29 17:05:02.537507,1023.0,2.5,0.0,12000.0,0.0,750.0
2018-05-29 17:05:02.738406,1023.0,2.5,0.0,12000.0,0.0,750.0
2018-05-29 17:05:02.939306,1023.0,2.5,0.0,12000.0,0.0,750.0
2018-05-29 17:05:03.140205,1023.0,2.5,0.0,12000.0,0.0,750.0
2018-05-29 17:05:03.341105,1023.0,2.5,0.0,12000.0,0.0,750.0
2018-05-29 17:05:03.543004,1023.0,2.5,0.0,12000.0,0.0,750.0
2018-05-29 17:05:03.743903,1023.0,2.5,0.0,12000.0,0.0,750.0
2018-05-29 17:05:03.944803,1023.0,2.5,0.0,12000.0,0.0,750.0
2018-05-29 17:05:04.145702,1023.0,2.5,0.0,12000.0,0.0,750.0
2018-05-29 17:05:04.346602,1023.0,2.5,0.0,12000.0,0.0,750.0
2018-05-29 17:05:04.547501,1023.0,2.5,0.0,12000.0,0.0,750.0
2018-05-29 17:05:04.749400,1023.0,2.5,0.0,12000.0,0.0,750.0
2018-05-29 17:05:04.950300,1023.0,2.5,0.0,12000.0,0.0,750.0
2018-05-29 17:05:05.152199,1023.0,2.5,0.0,12000.0,0.0,750.0
2018-05-29 17:05:05.354098,1023.0,2.5,0.0,12000.0,0.0,750.0
2018-05-29 17:05:05.555997,1023.0,2.5,0.0,12000.0,0.0,750.0
2018-05-29 17:05:05.760894,1023.0,2.5,0.0,12000.0,0.0,750.0
2018-05-29 17:05:05.962793,1023.0,2.5,0.0,12000.0,0.0,750.0
2018-05-29 17:05:06.163693,1023.0,2.5,0.0,12000.0,0.0,750.0
2018-05-29 17:05:06.364592,1023.0,2.5,0.0,12000.0,0.0,750.0
2018-05-29 17:05:06.566491,1023.0,2.5,0.0,12000.0,0.0,750.0
2018-05-29 17:05:06.768390,1023.0,2.5,0.0,12000.0,0.0,750.0
2018-05-29 17:05:06.969290,1023.0,2.5,0.0,12000.0,0.0,750.0
2018-05-29 17:05:07.170189,1023.0,2.5,0.0,12000.0,0.0,750.0
2018-05-29 17:05:07.371089,1023.0,2.5,0.0,12000.0,0.0,750.0
2018-05-29 17:05:07.571988,1023.0,2.5,0.0,12000.0,0.0,750.0
2018-05-29 17:05:07.772888,1023.0,2.5,0.0,12000.0,0.0,750.0
2018-05-29 17:05:07.973787,1023.0,2.5,0.0,12000.0,0.0,750.0
2018-05-29 17:05:08.174687,1023.0,2.5,0.0,12000.0,0.0,750.0
2018-05-29 17:05:08.375586,1023.0,2.5,0.0,12000.0,0.0,750.0
2018-05-29 17:05:08.576486,1023.0,2.5,0.0,12000.0,0.0,750.0
2018-05-29 17:05:08.780384,1023.0,2.5,0.0,12000.0,0.0,750.0
2018-05-29 17:05:08.981283,1023.0,2.5,0.0,12000.0,0.0,750.0
2018-05-29 17:05:09.182183,1023.0,2.5,0.0,12000.0,0.0,750.0
2018-05-29 17:05:09.383082,1023.0,2.5,0.0,12000.0,0.0,750.0
2018-05-29 17:05:09.583982,1023.0,2.5,0.0,12000.0,0.0,750.0
2018-05-29 17:05:09.784881,1023.0,2.5,0.0,12000.0,0.0,750.0
2018-05-29 17:05:09.992777,1023.0,2.5,0.0,12000.0,0.0,750.0
2018-05-29 17:05:10.193677,1023.0,2.5,0.0,12000.0,0.0,750.0
2018-05-29 17:05:10.395576,1023.0,2.5,0.0,12000.0,0.0,750.0
2018-05-29 17:05:10.596475,1023.0,2.5,0.0,12000.0,0.0,750.0
2018-05-29 17:05:10.797375,1023.0,2.5,0.0,12000.0,0.0,750.0
2018-05-29 17:05:10.998274,1023.0,2.5,0.0,12000.0,0.0,750.0
2018-05-29 17:05:11.199174,1023.0,2.5,0.0,12000.0,0.0,750.0
2018-05-29 17:05:11.401073,1023.0,2.5,0.0,12000.0,0.0,750.0
2018-05-29 17:05:11.601972,1023.0,2.5,0.0,12000.0,0.0,750.0
2018-05-29 17:05:11.802872,1023.0,2.5,0.0,12000.0,0.0,750.0
2018-05-29 17:05:12.003771,1023.0,2.5,0.0,12000.0,0.0,750.0
2018-05-29 17:05:12.204671,1023.0,2.5,0.0,12000.0,0.0,750.0
2018-05-29 17:05:12.405570,1023.0,2.5,0.0,12000.0,0.0,750.0
2018-05-29 17:05:12.606470,1023.0,2.5,0.0,12000.0,0.0,750.0
2018-05-29 17:05:12.807369,1023.0,2.5,0.0,12000.0,0.0,750.0
2018-05-29 17:05:13.008269,1023.0,2.5,0.0,12000.0,0.0,750.0
2018-05-29 17:05:13.209168,1023.0,2.5,0.0,12000.0,0.0,750.0
2018-05-29 17:05:13.410068,1023.0,2.5,0.0,12000.0,0.0,750.0
2018-05-29 17:05:13.611967,1023.0,2.5,0.0,12000.0,0.0,750.0
2018-05-29 17:05:13.812866,1023.0,2.5,0.0,12000.0,0.0,750.0
2018-05-29 17:05:14.013766,1023.0,2.5,0.0,12000.0,0.0,750.0
2018-05-29 17:05:14.215665,1023.0,2.5,0.0,12000.0,0.0,750.0
2018-05-29 17:05:14.416564,1023.0,2.5,0.0,12000.0,0.0,750.0
2018-05-29 17:05:14.617464,1023.0,2.5,0.0,12000.0,0.0,750.0
2018-05-29 17:05:14.818363,1023.0,2.5,0.0,12000.0,0.0,750.0
2018-05-29 17:05:15.019263,1023.0,2.5,0.0,12000.0,0.0,750.0
2018-05-29 17:05:15.220162,1023.0,2.5,0.0,12000.0,0.0,750.0
2018-05-29 17:05:15.421062,1023.0,2.5,0.0,12000.0,0.0,750.0
2018-05-29 17:05:15.622961,1023.0,2.5,0.0,12000.0,0.0,750.0
2018-05-29 17:05:15.823860,1023.0,2.5,0.0,12000.0,0.0,750.0
2018-05-29 17:05:16.024760,1023.0,2.5,0.0,12000.0,0.0,750.0
2018-05-29 17:05:16.226659,1023.0,2.5,0.0,12000.0,0.0,750.0
2018-05-29 17:05:16.427558,1023.0,2.5,0.0,12000.0,0.0,750.0
2018-05-29 17:05:16.628458,1023.0,2.5,0.0,12000.0,0.0,750.0
2018-05-29 17:05:16.829357,1023.0,2.5,0.0,12000.0,0.0,750.0
2018-05-29 17:05:17.031256,1023.0,2.5,0.0,12000.0,0.0,750.0
2018-05-29 17:05:17.232156,1023.0,2.5,0.0,12000.0,0.0,750.0
2018-05-29 17:05:17.434055,1023.0,2.5,0.0,12000.0,0.0,750.0
2018-05-29 17:05:17.634954,1023.0,2.5,0.0,12000.0,0.0,750.0
2018-05-29 17:05:17.840851,1023.0,2.5,0.0,12000.0,0.0,750.0
2018-05-29 17:05:18.041751,1023.0,2.5,0.0,12000.0,0.0,750.0
2018-05-29 17:05:18.243650,1023.0,2.5,0.0,12000.0,0.0,750.0
2018-05-29 17:05:18.446548,1023.0,2.5,0.0,12000.0,0.0,750.0
2018-05-29 17:05:18.648447,1023.0,2.5,0.0,12000.0,0.0,750.0
2018-05-29 17:05:18.849347,1023.0,2.5,0.0,12000.0,0.0,750.0
2018-05-29 17:05:19.050246,1023.0,2.5,0.0,12000.0,0.0,750.0
2018-05-29 17:05:19.251146,1023.0,2.5,0.0,12000.0,0.0,750.0
2018-05-29 17:05:19.452045,1023.0,2.5,0.0,12000.0,0.0,750.0
2018-05-29 17:05:19.652945,1023.0,2.5,0.0,12000.0,0.0,750.0
2018-05-29 17:05:19.853844,1023.0,2.5,0.0,12000.0,0.0,750.0
2018-05-29 17:05:20.055743,1023.0,2.5,0.0,12000.0,0.0,750.0
2018-05-29 17:05:20.256643,1023.0,2.5,0.0,12000.0,0.0,750.0
2018-05-29 17:05:20.457542,1023.0,2.5,0.0,12000.0,0.0,750.0
2018-05-29 17:05:20.658442,1023.0,2.5,0.0,12000.0,0.0,750.0
2018-05-29 17:05:20.859341,1023.0,2.5,0.0,12000.0,0.0,750.0
2018-05-29 17:05:21.060241,1023.0,2.5,0.0,12000.0,0.0,750.0
2018-05-29 17:05:21.261140,1023.0,2.5,0.0,12000.0,0.0,750.0
2018-05-29 17:05:21.462040,1023.0,2.5,0.0,12000.0,0.0,750.0
2018-05-29 17:05:21.664938,1023.0,2.5,0.0,12000.0,0.0,750.0
2018-05-29 17:05:21.865838,1023.0,2.5,0.0,12000.0,0.0,750.0
2018-05-29 17:05:22.066737,1023.0,2.5,0.0,12000.0,0.0,750.0
2018-05-29 17:05:22.268636,1023.0,2.5,0.0,12000.0,0.0,750.0
2018-05-29 17:05:22.469536,1023.0,2.5,0.0,12000.0,0.0,750.0
2018-05-29 17:05:22.673434,1023.0,2.5,0.0,12000.0,0.0,750.0
2018-05-29 17:05:22.874333,1023.0,2.5,0.0,12000.0,0.0,750.0
2018-05-29 17:05:23.077232,1023.0,2.5,0.0,12000.0,0.0,750.0
2018-05-29 17:05:23.278131,1023.0,2.5,0.0,12000.0,0.0,750.0
2018-05-29 17:05:23.479031,1023.0,2.5,0.0,12000.0,0.0,750.0
2018-05-29 17:05:23.679930,1023.0,2.5,0.0,12000.0,0.0,750.0
2018-05-29 17:05:23.881829,1023.0,2.5,0.0,12000.0,0.0,750.0
2018-05-29 17:05:24.082729,1023.0,2.5,0.0,12000.0,0.0,750.0
2018-05-29 17:05:24.283628,1023.0,2.5,0.0,12000.0,0.0,750.0
2018-05-29 17:05:24.484528,1023.0,2.5,0.0,12000.0,0.0,750.0
2018-05-29 17:05:24.685427,1023.0,2.5,0.0,12000.0,0.0,750.0
2018-05-29 17:05:24.887326,1023.0,2.5,0.0,12000.0,0.0,750.0
2018-05-29 17:05:25.089225,1023.0,2.5,0.0,12000.0,0.0,750.0
2018-05-29 17:05:25.289125,1023.0,2.5,0.0,12000.0,0.0,750.0
2018-05-29 17:05:25.490025,1023.0,2.5,0.0,12000.0,0.0,750.0
2018-05-29 17:05:25.690924,1023.0,2.5,0.0,12000.0,0.0,750.0
2018-05-29 17:05:25.891824,1023.0,2.5,0.0,12000.0,0.0,750.0
2018-05-29 17:05:26.092723,1023.0,2.5,0.0,12000.0,0.0,750.0
2018-05-29 17:05:26.293623,1023.0,2.5,0.0,12000.0,0.0,750.0
2018-05-29 17:05:26.494522,1023.0,2.5,0.0,12000.0,0.0,750.0
2018-05-29 17:05:26.695422,1023.0,2.5,0.0,12000.0,0.0,750.0
2018-05-29 17:05:26.896321,1023.0,2.5,0.0,12000.0,0.0,750.0
2018-05-29 17:05:27.097221,1023.0,2.5,0.0,12000.0,0.0,750.0
2018-05-29 17:05:27.317111,1023.0,2.5,0.0,12000.0,0.0,750.0
2018-05-29 17:05:27.518010,1023.0,2.5,0.0,12000.0,0.0,750.0
2018-05-29 17:05:27.718910,1023.0,2.5,0.0,12000.0,0.0,750.0
2018-05-29 17:05:27.919809,1023.0,2.5,0.0,12000.0,0.0,750.0
2018-05-29 17:05:28.120709,1023.0,2.5,0.0,12000.0,0.0,750.0
2018-05-29 17:05:28.321608,1023.0,2.5,0.0,12000.0,0.0,750.0
2018-05-29 17:05:28.522508,1023.0,2.5,0.0,12000.0,0.0,750.0
2018-05-29 17:05:28.725406,1023.0,2.5,0.0,12000.0,0.0,750.0
2018-05-29 17:05:28.926306,1023.0,2.5,0.0,12000.0,0.0,750.0
2018-05-29 17:05:29.127205,1023.0,2.5,0.0,12000.0,0.0,750.0
2018-05-29 17:05:29.328105,1023.0,2.5,0.0,12000.0,0.0,750.0
2018-05-29 17:05:29.529004,1023.0,2.5,0.0,12000.0,0.0,750.0
2018-05-29 17:05:29.729904,1023.0,2.5,0.0,12000.0,0.0,750.0
2018-05-29 17:05:29.930803,1023.0,2.5,0.0,12000.0,0.0,750.0
2018-05-29 17:05:30.131703,1023.0,2.5,0.0,12000.0,0.0,750.0
2018-05-29 17:05:30.332602,1023.0,2.5,0.0,12000.0,0.0,750.0
2018-05-29 17:05:30.533502,1023.0,2.5,0.0,12000.0,0.0,750.0
2018-05-29 17:05:30.734401,1023.0,2.5,0.0,12000.0,0.0,750.0
2018-05-29 17:05:30.935301,1023.0,2.5,0.0,12000.0,0.0,750.0
2018-05-29 17:05:31.136200,1023.0,2.5,0.0,12000.0,0.0,750.0
2018-05-29 17:05:31.337100,1023.0,2.5,0.0,12000.0,0.0,750.0
2018-05-29 17:05:31.537999,1023.0,2.5,0.0,12000.0,0.0,750.0
2018-05-29 17:05:31.738899,1023.0,2.5,0.0,12000.0,0.0,750.0
2018-05-29 17:05:31.940798,1023.0,2.5,0.0,12000.0,0.0,750.0
2018-05-29 17:05:32.141697,1023.0,2.5,0.0,12000.0,0.0,750.0
2018-05-29 17:05:32.342597,1023.0,2.5,0.0,12000.0,0.0,750.0
2018-05-29 17:05:32.543496,1023.0,2.5,0.0,12000.0,0.0,750.0
2018-05-29 17:05:32.744396,1023.0,2.5,0.0,12000.0,0.0,750.0
2018-05-29 17:05:32.945295,1023.0,2.5,0.0,12000.0,0.0,750.0
2018-05-29 17:05:33.146195,1023.0,2.5,0.0,12000.0,0.0,750.0
2018-05-29 17:05:33.347094,1023.0,2.5,0.0,12000.0,0.0,750.0
2018-05-29 17:05:33.547994,1023.0,2.5,0.0,12000.0,0.0,750.0
2018-05-29 17:05:33.748893,1023.0,2.5,0.0,12000.0,0.0,750.0
2018-05-29 17:05:33.949793,1023.0,2.5,0.0,12000.0,0.0,750.0
2018-05-29 17:05:34.150692,1023.0,2.5,0.0,12000.0,0.0,750.0
2018-05-29 17:05:34.351592,1023.0,2.5,0.0,12000.0,0.0,750.0
2018-05-29 17:05:34.552491,1023.0,2.5,0.0,12000.0,0.0,750.0
2018-05-29 17:05:34.756389,1023.0,2.5,0.0,12000.0,0.0,750.0
2018-05-29 17:05:34.957289,1023.0,2.5,0.0,12000.0,0.0,750.0
2018-05-29 17:05:35.158188,1023.0,2.5,0.0,12000.0,0.0,750.0
2018-05-29 17:05:35.392071,1023.0,2.5,0.0,12000.0,0.0,750.0
2018-05-29 17:05:35.592971,1023.0,2.5,0.0,12000.0,0.0,750.0
2018-05-29 17:05:35.793870,1023.0,2.5,0.0,12000.0,0.0,750.0
2018-05-29 17:05:35.994770,1023.0,2.5,0.0,12000.0,0.0,750.0
2018-05-29 17:05:36.195669,1023.0,2.5,0.0,12000.0,0.0,750.0
2018-05-29 17:05:36.396569,1023.0,2.5,0.0,12000.0,0.0,750.0
2018-05-29 17:05:36.598468,1023.0,2.5,0.0,12000.0,0.0,750.0
2018-05-29 17:05:36.799367,1023.0,2.5,0.0,12000.0,0.0,750.0
2018-05-29 17:05:37.000267,1023.0,2.5,0.0,12000.0,0.0,750.0
2018-05-29 17:05:37.201166,1023.0,2.5,0.0,12000.0,0.0,750.0
2018-05-29 17:05:37.402066,1023.0,2.5,0.0,12000.0,0.0,750.0
2018-05-29 17:05:37.602965,1023.0,2.5,0.0,12000.0,0.0,750.0
2018-05-29 17:05:37.804864,1023.0,2.5,0.0,12000.0,0.0,750.0
2018-05-29 17:05:38.005764,1023.0,2.5,0.0,12000.0,0.0,750.0
2018-05-29 17:05:38.206663,1023.0,2.5,0.0,12000.0,0.0,750.0
2018-05-29 17:05:38.407563,1023.0,2.5,0.0,12000.0,0.0,750.0
2018-05-29 17:05:38.608462,1023.0,2.5,0.0,12000.0,0.0,750.0
2018-05-29 17:05:38.809362,1023.0,2.5,0.0,12000.0,0.0,750.0
2018-05-29 17:05:39.011261,1023.0,2.5,0.0,12000.0,0.0,750.0
2018-05-29 17:05:39.212160,1023.0,2.5,0.0,12000.0,0.0,750.0
2018-05-29 17:05:39.413060,1023.0,2.5,0.0,12000.0,0.0,750.0
2018-05-29 17:05:39.614959,1023.0,2.5,0.0,12000.0,0.0,750.0
2018-05-29 17:05:39.816858,1023.0,2.5,0.0,12000.0,0.0,750.0
2018-05-29 17:05:40.017757,1023.0,2.5,0.0,12000.0,0.0,750.0
2018-05-29 17:05:40.218657,1023.0,2.5,0.0,12000.0,0.0,750.0
2018-05-29 17:05:40.430551,1023.0,2.5,0.0,12000.0,0.0,750.0
2018-05-29 17:05:40.633449,1023.0,2.5,0.0,12000.0,0.0,750.0
2018-05-29 17:05:40.850341,1023.0,2.5,0.0,12000.0,0.0,750.0
2018-05-29 17:05:41.069231,1023.0,2.5,0.0,12000.0,0.0,750.0
2018-05-29 17:05:41.291120,1023.0,2.5,0.0,12000.0,0.0,750.0
2018-05-29 17:05:41.494019,1023.0,2.5,0.0,12000.0,0.0,750.0
2018-05-29 17:05:41.698916,1023.0,2.5,0.0,12000.0,0.0,750.0
2018-05-29 17:05:41.899816,1023.0,2.5,0.0,12000.0,0.0,750.0
2018-05-29 17:05:42.113709,1023.0,2.5,0.0,12000.0,0.0,750.0
2018-05-29 17:05:42.315608,1023.0,2.5,0.0,12000.0,0.0,750.0
2018-05-29 17:05:42.517507,1023.0,2.5,0.0,12000.0,0.0,750.0
2018-05-29 17:05:42.725403,1023.0,2.5,0.0,12000.0,0.0,750.0
2018-05-29 17:05:42.926302,1023.0,2.5,0.0,12000.0,0.0,750.0
2018-05-29 17:05:43.127202,1023.0,2.5,0.0,12000.0,0.0,750.0
2018-05-29 17:05:43.328101,1023.0,2.5,0.0,12000.0,0.0,750.0
2018-05-29 17:05:43.529001,1023.0,2.5,0.0,12000.0,0.0,750.0
2018-05-29 17:05:43.729900,1023.0,2.5,0.0,12000.0,0.0,750.0
2018-05-29 17:05:43.931799,1023.0,2.5,0.0,12000.0,0.0,750.0
2018-05-29 17:05:44.132699,1023.0,2.5,0.0,12000.0,0.0,750.0
2018-05-29 17:05:44.333598,1023.0,2.5,0.0,12000.0,0.0,750.0
2018-05-29 17:05:44.534498,1023.0,2.5,0.0,12000.0,0.0,750.0
2018-05-29 17:05:44.735387,1023.0,2.5,0.0,12000.0,0.0,750.0
2018-05-29 17:05:44.936266,1023.0,2.5,0.0,12000.0,0.0,750.0
2018-05-29 17:05:45.137145,1023.0,2.5,0.0,12000.0,0.0,750.0
