datetime,IP1,FC1,Volt FC1 ,Vtip,Itip,BV1
2018-05-29 17:53:05.844032,1023.0,2.5,0.0,12000.0,0.0,750.0
2018-05-29 17:53:06.018449,1023.0,2.5,0.0,12000.0,0.0,750.0
2018-05-29 17:53:06.224944,1023.0,2.5,0.0,12000.0,0.0,750.0
2018-05-29 17:53:06.422416,1023.0,2.5,0.0,12000.0,0.0,750.0
2018-05-29 17:53:06.623899,1023.0,2.5,0.0,12000.0,0.0,750.0
2018-05-29 17:53:06.825381,1023.0,2.5,0.0,12000.0,0.0,750.0
2018-05-29 17:53:07.026864,1023.0,2.5,0.0,12000.0,0.0,750.0
2018-05-29 17:53:07.235363,1023.0,2.5,0.0,12000.0,0.0,750.0
2018-05-29 17:53:07.433838,1023.0,2.5,0.0,12000.0,0.0,750.0
2018-05-29 17:53:07.635320,1023.0,2.5,0.0,12000.0,0.0,750.0
2018-05-29 17:53:07.836803,1023.0,2.5,0.0,12000.0,0.0,750.0
2018-05-29 17:53:08.038285,1023.0,2.5,0.0,12000.0,0.0,750.0
2018-05-29 17:53:08.239768,1023.0,2.5,0.0,12000.0,0.0,750.0
2018-05-29 17:53:08.441250,1023.0,2.5,0.0,12000.0,0.0,750.0
2018-05-29 17:53:08.642732,1023.0,2.5,0.0,12000.0,0.0,750.0
2018-05-29 17:53:08.844215,1023.0,2.5,0.0,12000.0,0.0,750.0
2018-05-29 17:53:09.047702,1023.0,2.5,0.0,12000.0,0.0,750.0
2018-05-29 17:53:09.247180,1023.0,2.5,0.0,12000.0,0.0,750.0
2018-05-29 17:53:09.448662,1023.0,2.5,0.0,12000.0,0.0,750.0
2018-05-29 17:53:09.650144,1023.0,2.5,0.0,12000.0,0.0,750.0
2018-05-29 17:53:09.852629,1023.0,2.5,0.0,12000.0,0.0,750.0
2018-05-29 17:53:10.054112,1023.0,2.5,0.0,12000.0,0.0,750.0
2018-05-29 17:53:10.255594,1023.0,2.5,0.0,12000.0,0.0,750.0
2018-05-29 17:53:10.459081,1023.0,2.5,0.0,12000.0,0.0,750.0
2018-05-29 17:53:10.658559,1023.0,2.5,0.0,12000.0,0.0,750.0
2018-05-29 17:53:10.860041,1023.0,2.5,0.0,12000.0,0.0,750.0
2018-05-29 17:53:11.061524,1023.0,2.5,0.0,12000.0,0.0,750.0
2018-05-29 17:53:11.263006,1023.0,2.5,0.0,12000.0,0.0,750.0
2018-05-29 17:53:11.465491,1023.0,2.5,0.0,12000.0,0.0,750.0
2018-05-29 17:53:11.666973,1023.0,2.5,0.0,12000.0,0.0,750.0
2018-05-29 17:53:11.870460,1023.0,2.5,0.0,12000.0,0.0,750.0
2018-05-29 17:53:12.069938,1023.0,2.5,0.0,12000.0,0.0,750.0
2018-05-29 17:53:12.271420,1023.0,2.5,0.0,12000.0,0.0,750.0
2018-05-29 17:53:12.473905,1023.0,2.5,0.0,12000.0,0.0,750.0
2018-05-29 17:53:12.675388,1023.0,2.5,0.0,12000.0,0.0,750.0
2018-05-29 17:53:12.876870,1023.0,2.5,0.0,12000.0,0.0,750.0
2018-05-29 17:53:13.078352,1023.0,2.5,0.0,12000.0,0.0,750.0
2018-05-29 17:53:13.281840,1023.0,2.5,0.0,12000.0,0.0,750.0
2018-05-29 17:53:13.482320,1023.0,2.5,0.0,12000.0,0.0,750.0
2018-05-29 17:53:13.683802,1023.0,2.5,0.0,12000.0,0.0,750.0
2018-05-29 17:53:13.885284,1023.0,2.5,0.0,12000.0,0.0,750.0
2018-05-29 17:53:14.086767,1023.0,2.5,0.0,12000.0,0.0,750.0
2018-05-29 17:53:14.288249,1023.0,2.5,0.0,12000.0,0.0,750.0
2018-05-29 17:53:14.489732,1023.0,2.5,0.0,12000.0,0.0,750.0
2018-05-29 17:53:14.693219,1023.0,2.5,0.0,12000.0,0.0,750.0
2018-05-29 17:53:14.892696,1023.0,2.5,0.0,12000.0,0.0,750.0
2018-05-29 17:53:15.099191,1023.0,2.5,0.0,12000.0,0.0,750.0
2018-05-29 17:53:15.302678,1023.0,2.5,0.0,12000.0,0.0,750.0
2018-05-29 17:53:15.507168,1023.0,2.5,0.0,12000.0,0.0,750.0
2018-05-29 17:53:15.709652,1023.0,2.5,0.0,12000.0,0.0,750.0
2018-05-29 17:53:15.912137,1023.0,2.5,0.0,12000.0,0.0,750.0
2018-05-29 17:53:16.112617,1023.0,2.5,0.0,12000.0,0.0,750.0
2018-05-29 17:53:16.321116,1023.0,2.5,0.0,12000.0,0.0,750.0
2018-05-29 17:53:16.522599,1023.0,2.5,0.0,12000.0,0.0,750.0
2018-05-29 17:53:16.730096,1023.0,2.5,0.0,12000.0,0.0,750.0
2018-05-29 17:53:16.929573,1023.0,2.5,0.0,12000.0,0.0,750.0
2018-05-29 17:53:17.136068,1023.0,2.5,0.0,12000.0,0.0,750.0
2018-05-29 17:53:17.349579,1023.0,2.5,0.0,12000.0,0.0,750.0
2018-05-29 17:53:17.552064,1023.0,2.5,0.0,12000.0,0.0,750.0
2018-05-29 17:53:17.756553,1023.0,2.5,0.0,12000.0,0.0,750.0
2018-05-29 17:53:17.956031,1023.0,2.5,0.0,12000.0,0.0,750.0
2018-05-29 17:53:18.157513,1023.0,2.5,0.0,12000.0,0.0,750.0
2018-05-29 17:53:18.366012,1023.0,2.5,0.0,12000.0,0.0,750.0
2018-05-29 17:53:18.569500,1023.0,2.5,0.0,12000.0,0.0,750.0
2018-05-29 17:53:18.770982,1023.0,2.5,0.0,12000.0,0.0,750.0
2018-05-29 17:53:18.975472,1023.0,2.5,0.0,12000.0,0.0,750.0
2018-05-29 17:53:19.173947,1023.0,2.5,0.0,12000.0,0.0,750.0
2018-05-29 17:53:19.375429,1023.0,2.5,0.0,12000.0,0.0,750.0
2018-05-29 17:53:19.576912,1023.0,2.5,0.0,12000.0,0.0,750.0
2018-05-29 17:53:19.837536,1023.0,2.5,0.0,12000.0,0.0,750.0
2018-05-29 17:53:20.102169,1023.0,2.5,0.0,12000.0,0.0,750.0
2018-05-29 17:53:20.307661,1023.0,2.5,0.0,12000.0,0.0,750.0
2018-05-29 17:53:20.515158,1023.0,2.5,0.0,12000.0,0.0,750.0
2018-05-29 17:53:20.724660,1023.0,2.5,0.0,12000.0,0.0,750.0
2018-05-29 17:53:20.933159,1023.0,2.5,0.0,12000.0,0.0,750.0
2018-05-29 17:53:21.131634,1023.0,2.5,0.0,12000.0,0.0,750.0
2018-05-29 17:53:21.334119,1023.0,2.5,0.0,12000.0,0.0,750.0
2018-05-29 17:53:21.537606,1023.0,2.5,0.0,12000.0,0.0,750.0
2018-05-29 17:53:21.745103,1023.0,2.5,0.0,12000.0,0.0,750.0
2018-05-29 17:53:21.963626,1023.0,2.5,0.0,12000.0,0.0,750.0
2018-05-29 17:53:22.165108,1023.0,2.5,0.0,12000.0,0.0,750.0
2018-05-29 17:53:22.366591,1023.0,2.5,0.0,12000.0,0.0,750.0
2018-05-29 17:53:22.569076,1023.0,2.5,0.0,12000.0,0.0,750.0
2018-05-29 17:53:22.770558,1023.0,2.5,0.0,12000.0,0.0,750.0
2018-05-29 17:53:22.983067,1023.0,2.5,0.0,12000.0,0.0,750.0
2018-05-29 17:53:23.189561,1023.0,2.5,0.0,12000.0,0.0,750.0
2018-05-29 17:53:23.395053,1023.0,2.5,0.0,12000.0,0.0,750.0
2018-05-29 17:53:23.598540,1023.0,2.5,0.0,12000.0,0.0,750.0
2018-05-29 17:53:23.802028,1023.0,2.5,0.0,12000.0,0.0,750.0
2018-05-29 17:53:24.002508,1023.0,2.5,0.0,12000.0,0.0,750.0
2018-05-29 17:53:24.206997,1023.0,2.5,0.0,12000.0,0.0,750.0
2018-05-29 17:53:24.430532,1023.0,2.5,0.0,12000.0,0.0,750.0
2018-05-29 17:53:24.636024,1023.0,2.5,0.0,12000.0,0.0,750.0
2018-05-29 17:53:24.838509,1023.0,2.5,0.0,12000.0,0.0,750.0
2018-05-29 17:53:25.039992,1023.0,2.5,0.0,12000.0,0.0,750.0
2018-05-29 17:53:25.246486,1023.0,2.5,0.0,12000.0,0.0,750.0
2018-05-29 17:53:25.442956,1023.0,2.5,0.0,12000.0,0.0,750.0
2018-05-29 17:53:25.645441,1023.0,2.5,0.0,12000.0,0.0,750.0
2018-05-29 17:53:25.846924,1023.0,2.5,0.0,12000.0,0.0,750.0
2018-05-29 17:53:26.048406,1023.0,2.5,0.0,12000.0,0.0,750.0
2018-05-29 17:53:26.250891,1023.0,2.5,0.0,12000.0,0.0,750.0
2018-05-29 17:53:26.452373,1023.0,2.5,0.0,12000.0,0.0,750.0
2018-05-29 17:53:26.656863,1023.0,2.5,0.0,12000.0,0.0,750.0
2018-05-29 17:53:26.855338,1023.0,2.5,0.0,12000.0,0.0,750.0
2018-05-29 17:53:27.056820,1023.0,2.5,0.0,12000.0,0.0,750.0
2018-05-29 17:53:27.260308,1023.0,2.5,0.0,12000.0,0.0,750.0
2018-05-29 17:53:27.461790,1023.0,2.5,0.0,12000.0,0.0,750.0
2018-05-29 17:53:27.663272,1023.0,2.5,0.0,12000.0,0.0,750.0
2018-05-29 17:53:27.866760,1023.0,2.5,0.0,12000.0,0.0,750.0
2018-05-29 17:53:28.069244,1023.0,2.5,0.0,12000.0,0.0,750.0
2018-05-29 17:53:28.271729,1023.0,2.5,0.0,12000.0,0.0,750.0
2018-05-29 17:53:28.473212,1023.0,2.5,0.0,12000.0,0.0,750.0
2018-05-29 17:53:28.677701,1023.0,2.5,0.0,12000.0,0.0,750.0
2018-05-29 17:53:28.876176,1023.0,2.5,0.0,12000.0,0.0,750.0
2018-05-29 17:53:29.077659,1023.0,2.5,0.0,12000.0,0.0,750.0
2018-05-29 17:53:29.279141,1023.0,2.5,0.0,12000.0,0.0,750.0
2018-05-29 17:53:29.480624,1023.0,2.5,0.0,12000.0,0.0,750.0
2018-05-29 17:53:29.682106,1023.0,2.5,0.0,12000.0,0.0,750.0
2018-05-29 17:53:29.883588,1023.0,2.5,0.0,12000.0,0.0,750.0
2018-05-29 17:53:30.089080,1023.0,2.5,0.0,12000.0,0.0,750.0
2018-05-29 17:53:30.290563,1023.0,2.5,0.0,12000.0,0.0,750.0
2018-05-29 17:53:30.492045,1023.0,2.5,0.0,12000.0,0.0,750.0
2018-05-29 17:53:30.698540,1023.0,2.5,0.0,12000.0,0.0,750.0
2018-05-29 17:53:30.896012,1023.0,2.5,0.0,12000.0,0.0,750.0
2018-05-29 17:53:31.097495,1023.0,2.5,0.0,12000.0,0.0,750.0
2018-05-29 17:53:31.307999,1023.0,2.5,0.0,12000.0,0.0,750.0
2018-05-29 17:53:31.510484,1023.0,2.5,0.0,12000.0,0.0,750.0
2018-05-29 17:53:31.711966,1023.0,2.5,0.0,12000.0,0.0,750.0
2018-05-29 17:53:31.914451,1023.0,2.5,0.0,12000.0,0.0,750.0
2018-05-29 17:53:32.119943,1023.0,2.5,0.0,12000.0,0.0,750.0
2018-05-29 17:53:32.321425,1023.0,2.5,0.0,12000.0,0.0,750.0
2018-05-29 17:53:32.522908,1023.0,2.5,0.0,12000.0,0.0,750.0
2018-05-29 17:53:32.725392,1023.0,2.5,0.0,12000.0,0.0,750.0
2018-05-29 17:53:32.927877,1023.0,2.5,0.0,12000.0,0.0,750.0
2018-05-29 17:53:33.128357,1023.0,2.5,0.0,12000.0,0.0,750.0
2018-05-29 17:53:33.329840,1023.0,2.5,0.0,12000.0,0.0,750.0
2018-05-29 17:53:33.538339,1023.0,2.5,0.0,12000.0,0.0,750.0
2018-05-29 17:53:33.739821,1023.0,2.5,0.0,12000.0,0.0,750.0
2018-05-29 17:53:33.941304,1023.0,2.5,0.0,12000.0,0.0,750.0
2018-05-29 17:53:34.146796,1023.0,2.5,0.0,12000.0,0.0,750.0
2018-05-29 17:53:34.344268,1023.0,2.5,0.0,12000.0,0.0,750.0
2018-05-29 17:53:34.545751,1023.0,2.5,0.0,12000.0,0.0,750.0
2018-05-29 17:53:34.747233,1023.0,2.5,0.0,12000.0,0.0,750.0
2018-05-29 17:53:34.948716,1023.0,2.5,0.0,12000.0,0.0,750.0
2018-05-29 17:53:35.150198,1023.0,2.5,0.0,12000.0,0.0,750.0
2018-05-29 17:53:35.351680,1023.0,2.5,0.0,12000.0,0.0,750.0
2018-05-29 17:53:35.553163,1023.0,2.5,0.0,12000.0,0.0,750.0
2018-05-29 17:53:35.756650,1023.0,2.5,0.0,12000.0,0.0,750.0
2018-05-29 17:53:35.959135,1023.0,2.5,0.0,12000.0,0.0,750.0
2018-05-29 17:53:36.159615,1023.0,2.5,0.0,12000.0,0.0,750.0
2018-05-29 17:53:36.361097,1023.0,2.5,0.0,12000.0,0.0,750.0
2018-05-29 17:53:36.562580,1023.0,2.5,0.0,12000.0,0.0,750.0
2018-05-29 17:53:36.764062,1023.0,2.5,0.0,12000.0,0.0,750.0
2018-05-29 17:53:36.965544,1023.0,2.5,0.0,12000.0,0.0,750.0
2018-05-29 17:53:37.189080,1023.0,2.5,0.0,12000.0,0.0,750.0
2018-05-29 17:53:37.389560,1023.0,2.5,0.0,12000.0,0.0,750.0
2018-05-29 17:53:37.591042,1023.0,2.5,0.0,12000.0,0.0,750.0
2018-05-29 17:53:37.792524,1023.0,2.5,0.0,12000.0,0.0,750.0
2018-05-29 17:53:37.994007,1023.0,2.5,0.0,12000.0,0.0,750.0
2018-05-29 17:53:38.195489,1023.0,2.5,0.0,12000.0,0.0,750.0
2018-05-29 17:53:38.396972,1023.0,2.5,0.0,12000.0,0.0,750.0
2018-05-29 17:53:38.598454,1023.0,2.5,0.0,12000.0,0.0,750.0
2018-05-29 17:53:38.799936,1023.0,2.5,0.0,12000.0,0.0,750.0
2018-05-29 17:53:39.001419,1023.0,2.5,0.0,12000.0,0.0,750.0
2018-05-29 17:53:39.203904,1023.0,2.5,0.0,12000.0,0.0,750.0
2018-05-29 17:53:39.405386,1023.0,2.5,0.0,12000.0,0.0,750.0
2018-05-29 17:53:39.606868,1023.0,2.5,0.0,12000.0,0.0,750.0
2018-05-29 17:53:39.808351,1023.0,2.5,0.0,12000.0,0.0,750.0
2018-05-29 17:53:40.010836,1023.0,2.5,0.0,12000.0,0.0,750.0
2018-05-29 17:53:40.212318,1023.0,2.5,0.0,12000.0,0.0,750.0
2018-05-29 17:53:40.417810,1023.0,2.5,0.0,12000.0,0.0,750.0
2018-05-29 17:53:40.620295,1023.0,2.5,0.0,12000.0,0.0,750.0
2018-05-29 17:53:40.821777,1023.0,2.5,0.0,12000.0,0.0,750.0
2018-05-29 17:53:41.026267,1023.0,2.5,0.0,12000.0,0.0,750.0
2018-05-29 17:53:41.224742,1023.0,2.5,0.0,12000.0,0.0,750.0
2018-05-29 17:53:41.426224,1023.0,2.5,0.0,12000.0,0.0,750.0
2018-05-29 17:53:41.627707,1023.0,2.5,0.0,12000.0,0.0,750.0
2018-05-29 17:53:41.829189,1023.0,2.5,0.0,12000.0,0.0,750.0
2018-05-29 17:53:42.030672,1023.0,2.5,0.0,12000.0,0.0,750.0
2018-05-29 17:53:42.234159,1023.0,2.5,0.0,12000.0,0.0,750.0
2018-05-29 17:53:42.437646,1023.0,2.5,0.0,12000.0,0.0,750.0
2018-05-29 17:53:42.637124,1023.0,2.5,0.0,12000.0,0.0,750.0
2018-05-29 17:53:42.840611,1023.0,2.5,0.0,12000.0,0.0,750.0
2018-05-29 17:53:43.042093,1023.0,2.5,0.0,12000.0,0.0,750.0
2018-05-29 17:53:43.243576,1023.0,2.5,0.0,12000.0,0.0,750.0
2018-05-29 17:53:43.445058,1023.0,2.5,0.0,12000.0,0.0,750.0
2018-05-29 17:53:43.646540,1023.0,2.5,0.0,12000.0,0.0,750.0
2018-05-29 17:53:43.849025,1023.0,2.5,0.0,12000.0,0.0,750.0
2018-05-29 17:53:44.049505,1023.0,2.5,0.0,12000.0,0.0,750.0
2018-05-29 17:53:44.254997,1023.0,2.5,0.0,12000.0,0.0,750.0
2018-05-29 17:53:44.458484,1023.0,2.5,0.0,12000.0,0.0,750.0
2018-05-29 17:53:44.657962,1023.0,2.5,0.0,12000.0,0.0,750.0
2018-05-29 17:53:44.860447,1023.0,2.5,0.0,12000.0,0.0,750.0
2018-05-29 17:53:45.061929,1023.0,2.5,0.0,12000.0,0.0,750.0
2018-05-29 17:53:45.272433,1023.0,2.5,0.0,12000.0,0.0,750.0
2018-05-29 17:53:45.474918,1023.0,2.5,0.0,12000.0,0.0,750.0
2018-05-29 17:53:45.677403,1023.0,2.5,0.0,12000.0,0.0,750.0
2018-05-29 17:53:45.879888,1023.0,2.5,0.0,12000.0,0.0,750.0
2018-05-29 17:53:46.080368,1023.0,2.5,0.0,12000.0,0.0,750.0
2018-05-29 17:53:46.286862,1023.0,2.5,0.0,12000.0,0.0,750.0
2018-05-29 17:53:46.485337,1023.0,2.5,0.0,12000.0,0.0,750.0
2018-05-29 17:53:46.686820,1023.0,2.5,0.0,12000.0,0.0,750.0
2018-05-29 17:53:46.889304,1023.0,2.5,0.0,12000.0,0.0,750.0
2018-05-29 17:53:47.090787,1023.0,2.5,0.0,12000.0,0.0,750.0
2018-05-29 17:53:47.292269,1023.0,2.5,0.0,12000.0,0.0,750.0
2018-05-29 17:53:47.493752,1023.0,2.5,0.0,12000.0,0.0,750.0
2018-05-29 17:53:47.719292,1023.0,2.5,0.0,12000.0,0.0,750.0
2018-05-29 17:53:47.922779,1023.0,2.5,0.0,12000.0,0.0,750.0
2018-05-29 17:53:48.122256,1023.0,2.5,0.0,12000.0,0.0,750.0
2018-05-29 17:53:48.325744,1023.0,2.5,0.0,12000.0,0.0,750.0
2018-05-29 17:53:48.532238,1023.0,2.5,0.0,12000.0,0.0,750.0
2018-05-29 17:53:48.729711,1023.0,2.5,0.0,12000.0,0.0,750.0
2018-05-29 17:53:48.931193,1023.0,2.5,0.0,12000.0,0.0,750.0
2018-05-29 17:53:49.132676,1023.0,2.5,0.0,12000.0,0.0,750.0
2018-05-29 17:53:49.334158,1023.0,2.5,0.0,12000.0,0.0,750.0
2018-05-29 17:53:49.535640,1023.0,2.5,0.0,12000.0,0.0,750.0
2018-05-29 17:53:49.739128,1023.0,2.5,0.0,12000.0,0.0,750.0
2018-05-29 17:53:49.943617,1023.0,2.5,0.0,12000.0,0.0,750.0
2018-05-29 17:53:50.141090,1023.0,2.5,0.0,12000.0,0.0,750.0
2018-05-29 17:53:50.342572,1023.0,2.5,0.0,12000.0,0.0,750.0
2018-05-29 17:53:50.544055,1023.0,2.5,0.0,12000.0,0.0,750.0
2018-05-29 17:53:50.746540,1023.0,2.5,0.0,12000.0,0.0,750.0
2018-05-29 17:53:50.948022,1023.0,2.5,0.0,12000.0,0.0,750.0
2018-05-29 17:53:51.149504,1023.0,2.5,0.0,12000.0,0.0,750.0
2018-05-29 17:53:51.354996,1023.0,2.5,0.0,12000.0,0.0,750.0
2018-05-29 17:53:51.552469,1023.0,2.5,0.0,12000.0,0.0,750.0
2018-05-29 17:53:51.756959,1023.0,2.5,0.0,12000.0,0.0,750.0
2018-05-29 17:53:51.958441,1023.0,2.5,0.0,12000.0,0.0,750.0
2018-05-29 17:53:52.159924,1023.0,2.5,0.0,12000.0,0.0,750.0
2018-05-29 17:53:52.361406,1023.0,2.5,0.0,12000.0,0.0,750.0
2018-05-29 17:53:52.562888,1023.0,2.5,0.0,12000.0,0.0,750.0
2018-05-29 17:53:52.766376,1023.0,2.5,0.0,12000.0,0.0,750.0
2018-05-29 17:53:52.966856,1023.0,2.5,0.0,12000.0,0.0,750.0
2018-05-29 17:53:53.168338,1023.0,2.5,0.0,12000.0,0.0,750.0
2018-05-29 17:53:53.369820,1023.0,2.5,0.0,12000.0,0.0,750.0
2018-05-29 17:53:53.571303,1023.0,2.5,0.0,12000.0,0.0,750.0
2018-05-29 17:53:53.772785,1023.0,2.5,0.0,12000.0,0.0,750.0
2018-05-29 17:53:53.974268,1023.0,2.5,0.0,12000.0,0.0,750.0
2018-05-29 17:53:54.200810,1023.0,2.5,0.0,12000.0,0.0,750.0
2018-05-29 17:53:54.403295,1023.0,2.5,0.0,12000.0,0.0,750.0
2018-05-29 17:53:54.604777,1023.0,2.5,0.0,12000.0,0.0,750.0
2018-05-29 17:53:54.806260,1023.0,2.5,0.0,12000.0,0.0,750.0
2018-05-29 17:53:55.011752,1023.0,2.5,0.0,12000.0,0.0,750.0
2018-05-29 17:53:55.210227,1023.0,2.5,0.0,12000.0,0.0,750.0
2018-05-29 17:53:55.411709,1023.0,2.5,0.0,12000.0,0.0,750.0
2018-05-29 17:53:55.613192,1023.0,2.5,0.0,12000.0,0.0,750.0
2018-05-29 17:53:55.814674,1023.0,2.5,0.0,12000.0,0.0,750.0
2018-05-29 17:53:56.016156,1023.0,2.5,0.0,12000.0,0.0,750.0
2018-05-29 17:53:56.225658,1023.0,2.5,0.0,12000.0,0.0,750.0
2018-05-29 17:53:56.427140,1023.0,2.5,0.0,12000.0,0.0,750.0
2018-05-29 17:53:56.628623,1023.0,2.5,0.0,12000.0,0.0,750.0
2018-05-29 17:53:56.830105,1023.0,2.5,0.0,12000.0,0.0,750.0
2018-05-29 17:53:57.034595,1023.0,2.5,0.0,12000.0,0.0,750.0
2018-05-29 17:53:57.238082,1023.0,2.5,0.0,12000.0,0.0,750.0
2018-05-29 17:53:57.440567,1023.0,2.5,0.0,12000.0,0.0,750.0
2018-05-29 17:53:57.643052,1023.0,2.5,0.0,12000.0,0.0,750.0
2018-05-29 17:53:57.844534,1023.0,2.5,0.0,12000.0,0.0,750.0
2018-05-29 17:53:58.046016,1023.0,2.5,0.0,12000.0,0.0,750.0
2018-05-29 17:53:58.251508,1023.0,2.5,0.0,12000.0,0.0,750.0
2018-05-29 17:53:58.452991,1023.0,2.5,0.0,12000.0,0.0,750.0
2018-05-29 17:53:58.656478,1023.0,2.5,0.0,12000.0,0.0,750.0
2018-05-29 17:53:58.859965,1023.0,2.5,0.0,12000.0,0.0,750.0
2018-05-29 17:53:59.059443,1023.0,2.5,0.0,12000.0,0.0,750.0
2018-05-29 17:53:59.260925,1023.0,2.5,0.0,12000.0,0.0,750.0
2018-05-29 17:53:59.462408,1023.0,2.5,0.0,12000.0,0.0,750.0
2018-05-29 17:53:59.663890,1023.0,2.5,0.0,12000.0,0.0,750.0
2018-05-29 17:53:59.866375,1023.0,2.5,0.0,12000.0,0.0,750.0
2018-05-29 17:54:00.067857,1023.0,2.5,0.0,12000.0,0.0,750.0
2018-05-29 17:54:00.271344,1023.0,2.5,0.0,12000.0,0.0,750.0
2018-05-29 17:54:00.472827,1023.0,2.5,0.0,12000.0,0.0,750.0
2018-05-29 17:54:00.674309,1023.0,2.5,0.0,12000.0,0.0,750.0
2018-05-29 17:54:00.875792,1023.0,2.5,0.0,12000.0,0.0,750.0
2018-05-29 17:54:01.078276,1023.0,2.5,0.0,12000.0,0.0,750.0
2018-05-29 17:54:01.279759,1023.0,2.5,0.0,12000.0,0.0,750.0
2018-05-29 17:54:01.481241,1023.0,2.5,0.0,12000.0,0.0,750.0
2018-05-29 17:54:01.682724,1023.0,2.5,0.0,12000.0,0.0,750.0
2018-05-29 17:54:01.884206,1023.0,2.5,0.0,12000.0,0.0,750.0
2018-05-29 17:54:02.085688,1023.0,2.5,0.0,12000.0,0.0,750.0
2018-05-29 17:54:02.287171,1023.0,2.5,0.0,12000.0,0.0,750.0
2018-05-29 17:54:02.488653,1023.0,2.5,0.0,12000.0,0.0,750.0
2018-05-29 17:54:02.690136,1023.0,2.5,0.0,12000.0,0.0,750.0
2018-05-29 17:54:02.892620,1023.0,2.5,0.0,12000.0,0.0,750.0
2018-05-29 17:54:03.094103,1023.0,2.5,0.0,12000.0,0.0,750.0
2018-05-29 17:54:03.295585,1023.0,2.5,0.0,12000.0,0.0,750.0
2018-05-29 17:54:03.497068,1023.0,2.5,0.0,12000.0,0.0,750.0
2018-05-29 17:54:03.698550,1023.0,2.5,0.0,12000.0,0.0,750.0
2018-05-29 17:54:03.900032,1023.0,2.5,0.0,12000.0,0.0,750.0
2018-05-29 17:54:04.101515,1023.0,2.5,0.0,12000.0,0.0,750.0
2018-05-29 17:54:04.302997,1023.0,2.5,0.0,12000.0,0.0,750.0
2018-05-29 17:54:04.505482,1023.0,2.5,0.0,12000.0,0.0,750.0
2018-05-29 17:54:04.705962,1023.0,2.5,0.0,12000.0,0.0,750.0
2018-05-29 17:54:04.908447,1023.0,2.5,0.0,12000.0,0.0,750.0
2018-05-29 17:54:05.109929,1023.0,2.5,0.0,12000.0,0.0,750.0
2018-05-29 17:54:05.311412,1023.0,2.5,0.0,12000.0,0.0,750.0
2018-05-29 17:54:05.514899,1023.0,2.5,0.0,12000.0,0.0,750.0
2018-05-29 17:54:05.716381,1023.0,2.5,0.0,12000.0,0.0,750.0
2018-05-29 17:54:05.917864,1023.0,2.5,0.0,12000.0,0.0,750.0
2018-05-29 17:54:06.119346,1023.0,2.5,0.0,12000.0,0.0,750.0
2018-05-29 17:54:06.320828,1023.0,2.5,0.0,12000.0,0.0,750.0
2018-05-29 17:54:06.523313,1023.0,2.5,0.0,12000.0,0.0,750.0
2018-05-29 17:54:06.731812,1023.0,2.5,0.0,12000.0,0.0,750.0
2018-05-29 17:54:06.934297,1023.0,2.5,0.0,12000.0,0.0,750.0
2018-05-29 17:54:07.135780,1023.0,2.5,0.0,12000.0,0.0,750.0
2018-05-29 17:54:07.339267,1023.0,2.5,0.0,12000.0,0.0,750.0
2018-05-29 17:54:07.540749,1023.0,2.5,0.0,12000.0,0.0,750.0
2018-05-29 17:54:07.745239,1023.0,2.5,0.0,12000.0,0.0,750.0
2018-05-29 17:54:07.943714,1023.0,2.5,0.0,12000.0,0.0,750.0
2018-05-29 17:54:08.145196,1023.0,2.5,0.0,12000.0,0.0,750.0
2018-05-29 17:54:08.346679,1023.0,2.5,0.0,12000.0,0.0,750.0
2018-05-29 17:54:08.548161,1023.0,2.5,0.0,12000.0,0.0,750.0
2018-05-29 17:54:08.749644,1023.0,2.5,0.0,12000.0,0.0,750.0
2018-05-29 17:54:08.952128,1023.0,2.5,0.0,12000.0,0.0,750.0
2018-05-29 17:54:09.156618,1023.0,2.5,0.0,12000.0,0.0,750.0
2018-05-29 17:54:09.356096,1023.0,2.5,0.0,12000.0,0.0,750.0
2018-05-29 17:54:09.557578,1023.0,2.5,0.0,12000.0,0.0,750.0
2018-05-29 17:54:09.766077,1023.0,2.5,0.0,12000.0,0.0,750.0
2018-05-29 17:54:09.965555,1023.0,2.5,0.0,12000.0,0.0,750.0
2018-05-29 17:54:10.168040,1023.0,2.5,0.0,12000.0,0.0,750.0
2018-05-29 17:54:10.368520,1023.0,2.5,0.0,12000.0,0.0,750.0
2018-05-29 17:54:10.570002,1023.0,2.5,0.0,12000.0,0.0,750.0
2018-05-29 17:54:10.772487,1023.0,2.5,0.0,12000.0,0.0,750.0
2018-05-29 17:54:10.973969,1023.0,2.5,0.0,12000.0,0.0,750.0
2018-05-29 17:54:11.177456,1023.0,2.5,0.0,12000.0,0.0,750.0
2018-05-29 17:54:11.376934,1023.0,2.5,0.0,12000.0,0.0,750.0
2018-05-29 17:54:11.578416,1023.0,2.5,0.0,12000.0,0.0,750.0
2018-05-29 17:54:11.779899,1023.0,2.5,0.0,12000.0,0.0,750.0
2018-05-29 17:54:11.982384,1023.0,2.5,0.0,12000.0,0.0,750.0
2018-05-29 17:54:12.182864,1023.0,2.5,0.0,12000.0,0.0,750.0
2018-05-29 17:54:12.384346,1023.0,2.5,0.0,12000.0,0.0,750.0
2018-05-29 17:54:12.588836,1023.0,2.5,0.0,12000.0,0.0,750.0
2018-05-29 17:54:12.787311,1023.0,2.5,0.0,12000.0,0.0,750.0
2018-05-29 17:54:12.989796,1023.0,2.5,0.0,12000.0,0.0,750.0
2018-05-29 17:54:13.191278,1023.0,2.5,0.0,12000.0,0.0,750.0
2018-05-29 17:54:13.392760,1023.0,2.5,0.0,12000.0,0.0,750.0
2018-05-29 17:54:13.594243,1023.0,2.5,0.0,12000.0,0.0,750.0
2018-05-29 17:54:13.796728,1023.0,2.5,0.0,12000.0,0.0,750.0
2018-05-29 17:54:14.000215,1023.0,2.5,0.0,12000.0,0.0,750.0
2018-05-29 17:54:14.199692,1023.0,2.5,0.0,12000.0,0.0,750.0
2018-05-29 17:54:14.402177,1023.0,2.5,0.0,12000.0,0.0,750.0
2018-05-29 17:54:14.603660,1023.0,2.5,0.0,12000.0,0.0,750.0
2018-05-29 17:54:14.807147,1023.0,2.5,0.0,12000.0,0.0,750.0
2018-05-29 17:54:15.008629,1023.0,2.5,0.0,12000.0,0.0,750.0
2018-05-29 17:54:15.230160,1023.0,2.5,0.0,12000.0,0.0,750.0
2018-05-29 17:54:15.431642,1023.0,2.5,0.0,12000.0,0.0,750.0
2018-05-29 17:54:15.636132,1023.0,2.5,0.0,12000.0,0.0,750.0
2018-05-29 17:54:15.836612,1023.0,2.5,0.0,12000.0,0.0,750.0
2018-05-29 17:54:16.040099,1023.0,2.5,0.0,12000.0,0.0,750.0
2018-05-29 17:54:16.244588,1023.0,2.5,0.0,12000.0,0.0,750.0
2018-05-29 17:54:16.443064,1023.0,2.5,0.0,12000.0,0.0,750.0
2018-05-29 17:54:16.644546,1023.0,2.5,0.0,12000.0,0.0,750.0
2018-05-29 17:54:16.846028,1023.0,2.5,0.0,12000.0,0.0,750.0
2018-05-29 17:54:17.047511,1023.0,2.5,0.0,12000.0,0.0,750.0
2018-05-29 17:54:17.248993,1023.0,2.5,0.0,12000.0,0.0,750.0
2018-05-29 17:54:17.450476,1023.0,2.5,0.0,12000.0,0.0,750.0
2018-05-29 17:54:17.655968,1023.0,2.5,0.0,12000.0,0.0,750.0
2018-05-29 17:54:17.853440,1023.0,2.5,0.0,12000.0,0.0,750.0
2018-05-29 17:54:18.054923,1023.0,2.5,0.0,12000.0,0.0,750.0
2018-05-29 17:54:18.257408,1023.0,2.5,0.0,12000.0,0.0,750.0
2018-05-29 17:54:18.459892,1023.0,2.5,0.0,12000.0,0.0,750.0
2018-05-29 17:54:18.661375,1023.0,2.5,0.0,12000.0,0.0,750.0
2018-05-29 17:54:18.862857,1023.0,2.5,0.0,12000.0,0.0,750.0
2018-05-29 17:54:19.067347,1023.0,2.5,0.0,12000.0,0.0,750.0
2018-05-29 17:54:19.265822,1023.0,2.5,0.0,12000.0,0.0,750.0
2018-05-29 17:54:19.467304,1023.0,2.5,0.0,12000.0,0.0,750.0
2018-05-29 17:54:19.668787,1023.0,2.5,0.0,12000.0,0.0,750.0
2018-05-29 17:54:19.870269,1023.0,2.5,0.0,12000.0,0.0,750.0
2018-05-29 17:54:20.071752,1023.0,2.5,0.0,12000.0,0.0,750.0
2018-05-29 17:54:20.273234,1023.0,2.5,0.0,12000.0,0.0,750.0
2018-05-29 17:54:20.478726,1023.0,2.5,0.0,12000.0,0.0,750.0
2018-05-29 17:54:20.676199,1023.0,2.5,0.0,12000.0,0.0,750.0
2018-05-29 17:54:20.878684,1023.0,2.5,0.0,12000.0,0.0,750.0
2018-05-29 17:54:21.081168,1023.0,2.5,0.0,12000.0,0.0,750.0
2018-05-29 17:54:21.283653,1023.0,2.5,0.0,12000.0,0.0,750.0
2018-05-29 17:54:21.485136,1023.0,2.5,0.0,12000.0,0.0,750.0
2018-05-29 17:54:21.687620,1023.0,2.5,0.0,12000.0,0.0,750.0
2018-05-29 17:54:21.891108,1023.0,2.5,0.0,12000.0,0.0,750.0
2018-05-29 17:54:22.093592,1023.0,2.5,0.0,12000.0,0.0,750.0
2018-05-29 17:54:22.296077,1023.0,2.5,0.0,12000.0,0.0,750.0
2018-05-29 17:54:22.499564,1023.0,2.5,0.0,12000.0,0.0,750.0
2018-05-29 17:54:22.699042,1023.0,2.5,0.0,12000.0,0.0,750.0
2018-05-29 17:54:22.900524,1023.0,2.5,0.0,12000.0,0.0,750.0
2018-05-29 17:54:23.102007,1023.0,2.5,0.0,12000.0,0.0,750.0
2018-05-29 17:54:23.304492,1023.0,2.5,0.0,12000.0,0.0,750.0
2018-05-29 17:54:23.505974,1023.0,2.5,0.0,12000.0,0.0,750.0
2018-05-29 17:54:23.707456,1023.0,2.5,0.0,12000.0,0.0,750.0
2018-05-29 17:54:23.910944,1023.0,2.5,0.0,12000.0,0.0,750.0
2018-05-29 17:54:24.112426,1023.0,2.5,0.0,12000.0,0.0,750.0
2018-05-29 17:54:24.314911,1023.0,2.5,0.0,12000.0,0.0,750.0
2018-05-29 17:54:24.520403,1023.0,2.5,0.0,12000.0,0.0,750.0
2018-05-29 17:54:24.718878,1023.0,2.5,0.0,12000.0,0.0,750.0
2018-05-29 17:54:24.921363,1023.0,2.5,0.0,12000.0,0.0,750.0
2018-05-29 17:54:25.122845,1023.0,2.5,0.0,12000.0,0.0,750.0
2018-05-29 17:54:25.324328,1023.0,2.5,0.0,12000.0,0.0,750.0
2018-05-29 17:54:25.525810,1023.0,2.5,0.0,12000.0,0.0,750.0
2018-05-29 17:54:25.728295,1023.0,2.5,0.0,12000.0,0.0,750.0
2018-05-29 17:54:25.931782,1023.0,2.5,0.0,12000.0,0.0,750.0
2018-05-29 17:54:26.132262,1023.0,2.5,0.0,12000.0,0.0,750.0
2018-05-29 17:54:26.333744,1023.0,2.5,0.0,12000.0,0.0,750.0
2018-05-29 17:54:26.537232,1023.0,2.5,0.0,12000.0,0.0,750.0
2018-05-29 17:54:26.744728,1023.0,2.5,0.0,12000.0,0.0,750.0
2018-05-29 17:54:26.946211,1023.0,2.5,0.0,12000.0,0.0,750.0
2018-05-29 17:54:27.148696,1023.0,2.5,0.0,12000.0,0.0,750.0
2018-05-29 17:54:27.351180,1023.0,2.5,0.0,12000.0,0.0,750.0
2018-05-29 17:54:27.552663,1023.0,2.5,0.0,12000.0,0.0,750.0
2018-05-29 17:54:27.754145,1023.0,2.5,0.0,12000.0,0.0,750.0
2018-05-29 17:54:27.955628,1023.0,2.5,0.0,12000.0,0.0,750.0
2018-05-29 17:54:28.161120,1023.0,2.5,0.0,12000.0,0.0,750.0
2018-05-29 17:54:28.359595,1023.0,2.5,0.0,12000.0,0.0,750.0
2018-05-29 17:54:28.561077,1023.0,2.5,0.0,12000.0,0.0,750.0
2018-05-29 17:54:28.762560,1023.0,2.5,0.0,12000.0,0.0,750.0
2018-05-29 17:54:28.965044,1023.0,2.5,0.0,12000.0,0.0,750.0
2018-05-29 17:54:29.166527,1023.0,2.5,0.0,12000.0,0.0,750.0
2018-05-29 17:54:29.368009,1023.0,2.5,0.0,12000.0,0.0,750.0
2018-05-29 17:54:29.572499,1023.0,2.5,0.0,12000.0,0.0,750.0
2018-05-29 17:54:29.770974,1023.0,2.5,0.0,12000.0,0.0,750.0
2018-05-29 17:54:29.972456,1023.0,2.5,0.0,12000.0,0.0,750.0
2018-05-29 17:54:30.174941,1023.0,2.5,0.0,12000.0,0.0,750.0
2018-05-29 17:54:30.377426,1023.0,2.5,0.0,12000.0,0.0,750.0
2018-05-29 17:54:30.581916,1023.0,2.5,0.0,12000.0,0.0,750.0
2018-05-29 17:54:30.783398,1023.0,2.5,0.0,12000.0,0.0,750.0
2018-05-29 17:54:30.984880,1023.0,2.5,0.0,12000.0,0.0,750.0
2018-05-29 17:54:31.186363,1023.0,2.5,0.0,12000.0,0.0,750.0
2018-05-29 17:54:31.387845,1023.0,2.5,0.0,12000.0,0.0,750.0
2018-05-29 17:54:31.593337,1023.0,2.5,0.0,12000.0,0.0,750.0
2018-05-29 17:54:31.790810,1023.0,2.5,0.0,12000.0,0.0,750.0
2018-05-29 17:54:31.993295,1023.0,2.5,0.0,12000.0,0.0,750.0
2018-05-29 17:54:32.195780,1023.0,2.5,0.0,12000.0,0.0,750.0
2018-05-29 17:54:32.397262,1023.0,2.5,0.0,12000.0,0.0,750.0
2018-05-29 17:54:32.598744,1023.0,2.5,0.0,12000.0,0.0,750.0
2018-05-29 17:54:32.800227,1023.0,2.5,0.0,12000.0,0.0,750.0
2018-05-29 17:54:33.004716,1023.0,2.5,0.0,12000.0,0.0,750.0
2018-05-29 17:54:33.204194,1023.0,2.5,0.0,12000.0,0.0,750.0
2018-05-29 17:54:33.406679,1023.0,2.5,0.0,12000.0,0.0,750.0
2018-05-29 17:54:33.608161,1023.0,2.5,0.0,12000.0,0.0,750.0
2018-05-29 17:54:33.809644,1023.0,2.5,0.0,12000.0,0.0,750.0
2018-05-29 17:54:34.011126,1023.0,2.5,0.0,12000.0,0.0,750.0
2018-05-29 17:54:34.212608,1023.0,2.5,0.0,12000.0,0.0,750.0
2018-05-29 17:54:34.415093,1023.0,2.5,0.0,12000.0,0.0,750.0
2018-05-29 17:54:34.615573,1023.0,2.5,0.0,12000.0,0.0,750.0
2018-05-29 17:54:34.817056,1023.0,2.5,0.0,12000.0,0.0,750.0
2018-05-29 17:54:35.018538,1023.0,2.5,0.0,12000.0,0.0,750.0
2018-05-29 17:54:35.221023,1023.0,2.5,0.0,12000.0,0.0,750.0
2018-05-29 17:54:35.425512,1023.0,2.5,0.0,12000.0,0.0,750.0
2018-05-29 17:54:35.624990,1023.0,2.5,0.0,12000.0,0.0,750.0
2018-05-29 17:54:35.825470,1023.0,2.5,0.0,12000.0,0.0,750.0
2018-05-29 17:54:36.026952,1023.0,2.5,0.0,12000.0,0.0,750.0
2018-05-29 17:54:36.228435,1023.0,2.5,0.0,12000.0,0.0,750.0
2018-05-29 17:54:36.429917,1023.0,2.5,0.0,12000.0,0.0,750.0
2018-05-29 17:54:36.632402,1023.0,2.5,0.0,12000.0,0.0,750.0
2018-05-29 17:54:36.836892,1023.0,2.5,0.0,12000.0,0.0,750.0
2018-05-29 17:54:37.036369,1023.0,2.5,0.0,12000.0,0.0,750.0
2018-05-29 17:54:37.236849,1023.0,2.5,0.0,12000.0,0.0,750.0
2018-05-29 17:54:37.440336,1023.0,2.5,0.0,12000.0,0.0,750.0
2018-05-29 17:54:37.642821,1023.0,2.5,0.0,12000.0,0.0,750.0
2018-05-29 17:54:37.844304,1023.0,2.5,0.0,12000.0,0.0,750.0
2018-05-29 17:54:38.046788,1023.0,2.5,0.0,12000.0,0.0,750.0
2018-05-29 17:54:38.250276,1023.0,2.5,0.0,12000.0,0.0,750.0
2018-05-29 17:54:38.450756,1023.0,2.5,0.0,12000.0,0.0,750.0
2018-05-29 17:54:38.652238,1023.0,2.5,0.0,12000.0,0.0,750.0
2018-05-29 17:54:38.857730,1023.0,2.5,0.0,12000.0,0.0,750.0
2018-05-29 17:54:39.055203,1023.0,2.5,0.0,12000.0,0.0,750.0
2018-05-29 17:54:39.257688,1023.0,2.5,0.0,12000.0,0.0,750.0
2018-05-29 17:54:39.462177,1023.0,2.5,0.0,12000.0,0.0,750.0
2018-05-29 17:54:39.663660,1023.0,2.5,0.0,12000.0,0.0,750.0
2018-05-29 17:54:39.865142,1023.0,2.5,0.0,12000.0,0.0,750.0
2018-05-29 17:54:40.066624,1023.0,2.5,0.0,12000.0,0.0,750.0
2018-05-29 17:54:40.269109,1023.0,2.5,0.0,12000.0,0.0,750.0
2018-05-29 17:54:40.469589,1023.0,2.5,0.0,12000.0,0.0,750.0
2018-05-29 17:54:40.676084,1023.0,2.5,0.0,12000.0,0.0,750.0
2018-05-29 17:54:40.879571,1023.0,2.5,0.0,12000.0,0.0,750.0
2018-05-29 17:54:41.081053,1023.0,2.5,0.0,12000.0,0.0,750.0
2018-05-29 17:54:41.283538,1023.0,2.5,0.0,12000.0,0.0,750.0
2018-05-29 17:54:41.488028,1023.0,2.5,0.0,12000.0,0.0,750.0
2018-05-29 17:54:41.687505,1023.0,2.5,0.0,12000.0,0.0,750.0
2018-05-29 17:54:41.888988,1023.0,2.5,0.0,12000.0,0.0,750.0
2018-05-29 17:54:42.091472,1023.0,2.5,0.0,12000.0,0.0,750.0
2018-05-29 17:54:42.293957,1023.0,2.5,0.0,12000.0,0.0,750.0
2018-05-29 17:54:42.495440,1023.0,2.5,0.0,12000.0,0.0,750.0
2018-05-29 17:54:42.696922,1023.0,2.5,0.0,12000.0,0.0,750.0
2018-05-29 17:54:42.899407,1023.0,2.5,0.0,12000.0,0.0,750.0
2018-05-29 17:54:43.099887,1023.0,2.5,0.0,12000.0,0.0,750.0
2018-05-29 17:54:43.301369,1023.0,2.5,0.0,12000.0,0.0,750.0
2018-05-29 17:54:43.502852,1023.0,2.5,0.0,12000.0,0.0,750.0
2018-05-29 17:54:43.704334,1023.0,2.5,0.0,12000.0,0.0,750.0
2018-05-29 17:54:43.906819,1023.0,2.5,0.0,12000.0,0.0,750.0
2018-05-29 17:54:44.108301,1023.0,2.5,0.0,12000.0,0.0,750.0
2018-05-29 17:54:44.310786,1023.0,2.5,0.0,12000.0,0.0,750.0
2018-05-29 17:54:44.512268,1023.0,2.5,0.0,12000.0,0.0,750.0
2018-05-29 17:54:44.713751,1023.0,2.5,0.0,12000.0,0.0,750.0
2018-05-29 17:54:44.915233,1023.0,2.5,0.0,12000.0,0.0,750.0
2018-05-29 17:54:45.116716,1023.0,2.5,0.0,12000.0,0.0,750.0
2018-05-29 17:54:45.318198,1023.0,2.5,0.0,12000.0,0.0,750.0
2018-05-29 17:54:45.519680,1023.0,2.5,0.0,12000.0,0.0,750.0
2018-05-29 17:54:45.722165,1023.0,2.5,0.0,12000.0,0.0,750.0
2018-05-29 17:54:45.923648,1023.0,2.5,0.0,12000.0,0.0,750.0
2018-05-29 17:54:46.126132,1023.0,2.5,0.0,12000.0,0.0,750.0
2018-05-29 17:54:46.331624,1023.0,2.5,0.0,12000.0,0.0,750.0
2018-05-29 17:54:46.529097,1023.0,2.5,0.0,12000.0,0.0,750.0
2018-05-29 17:54:46.730580,1023.0,2.5,0.0,12000.0,0.0,750.0
2018-05-29 17:54:46.932062,1023.0,2.5,0.0,12000.0,0.0,750.0
2018-05-29 17:54:47.137554,1023.0,2.5,0.0,12000.0,0.0,750.0
2018-05-29 17:54:47.350063,1023.0,2.5,0.0,12000.0,0.0,750.0
2018-05-29 17:54:47.562572,1023.0,2.5,0.0,12000.0,0.0,750.0
2018-05-29 17:54:47.778088,1023.0,2.5,0.0,12000.0,0.0,750.0
2018-05-29 17:54:48.031695,1023.0,2.5,0.0,12000.0,0.0,750.0
2018-05-29 17:54:48.234180,1023.0,2.5,0.0,12000.0,0.0,750.0
2018-05-29 17:54:48.442679,1023.0,2.5,0.0,12000.0,0.0,750.0
2018-05-29 17:54:48.643159,1023.0,2.5,0.0,12000.0,0.0,750.0
2018-05-29 17:54:48.852660,1023.0,2.5,0.0,12000.0,0.0,750.0
2018-05-29 17:54:49.058152,1023.0,2.5,0.0,12000.0,0.0,750.0
2018-05-29 17:54:49.259635,1023.0,2.5,0.0,12000.0,0.0,750.0
2018-05-29 17:54:49.461117,1023.0,2.5,0.0,12000.0,0.0,750.0
2018-05-29 17:54:49.662600,1023.0,2.5,0.0,12000.0,0.0,750.0
2018-05-29 17:54:49.864082,1023.0,2.5,0.0,12000.0,0.0,750.0
2018-05-29 17:54:50.065564,1023.0,2.5,0.0,12000.0,0.0,750.0
2018-05-29 17:54:50.267047,1023.0,2.5,0.0,12000.0,0.0,750.0
2018-05-29 17:54:50.471536,1023.0,2.5,0.0,12000.0,0.0,750.0
2018-05-29 17:54:50.676026,1023.0,2.5,0.0,12000.0,0.0,750.0
2018-05-29 17:54:50.892544,1023.0,2.5,0.0,12000.0,0.0,750.0
2018-05-29 17:54:51.094027,1023.0,2.5,0.0,12000.0,0.0,750.0
2018-05-29 17:54:51.302526,1023.0,2.5,0.0,12000.0,0.0,750.0
2018-05-29 17:54:51.503006,1023.0,2.5,0.0,12000.0,0.0,750.0
2018-05-29 17:54:51.704488,1023.0,2.5,0.0,12000.0,0.0,750.0
2018-05-29 17:54:51.905971,1023.0,2.5,0.0,12000.0,0.0,750.0
2018-05-29 17:54:52.108456,1023.0,2.5,0.0,12000.0,0.0,750.0
2018-05-29 17:54:52.311943,1023.0,2.5,0.0,12000.0,0.0,750.0
2018-05-29 17:54:52.515430,1023.0,2.5,0.0,12000.0,0.0,750.0
2018-05-29 17:54:52.717915,1023.0,2.5,0.0,12000.0,0.0,750.0
2018-05-29 17:54:52.919397,1023.0,2.5,0.0,12000.0,0.0,750.0
2018-05-29 17:54:53.124889,1023.0,2.5,0.0,12000.0,0.0,750.0
2018-05-29 17:54:53.326372,1023.0,2.5,0.0,12000.0,0.0,750.0
2018-05-29 17:54:53.532866,1023.0,2.5,0.0,12000.0,0.0,750.0
2018-05-29 17:54:53.734348,1023.0,2.5,0.0,12000.0,0.0,750.0
2018-05-29 17:54:53.964900,1023.0,2.5,0.0,12000.0,0.0,750.0
2018-05-29 17:54:54.166383,1023.0,2.5,0.0,12000.0,0.0,750.0
2018-05-29 17:54:54.367865,1023.0,2.5,0.0,12000.0,0.0,750.0
2018-05-29 17:54:54.569348,1023.0,2.5,0.0,12000.0,0.0,750.0
2018-05-29 17:54:54.770830,1023.0,2.5,0.0,12000.0,0.0,750.0
2018-05-29 17:54:54.975320,1023.0,2.5,0.0,12000.0,0.0,750.0
2018-05-29 17:54:55.173795,1023.0,2.5,0.0,12000.0,0.0,750.0
2018-05-29 17:54:55.375277,1023.0,2.5,0.0,12000.0,0.0,750.0
2018-05-29 17:54:55.576760,1023.0,2.5,0.0,12000.0,0.0,750.0
2018-05-29 17:54:55.778242,1023.0,2.5,0.0,12000.0,0.0,750.0
2018-05-29 17:54:55.995763,1023.0,2.5,0.0,12000.0,0.0,750.0
2018-05-29 17:54:56.470900,1023.0,2.5,0.0,12000.0,0.0,750.0
2018-05-29 17:54:56.690426,1023.0,2.5,0.0,12000.0,0.0,750.0
2018-05-29 17:54:56.916968,1023.0,2.5,0.0,12000.0,0.0,750.0
2018-05-29 17:54:57.130480,1023.0,2.5,0.0,12000.0,0.0,750.0
2018-05-29 17:54:57.332964,1023.0,2.5,0.0,12000.0,0.0,750.0
2018-05-29 17:54:57.535449,1023.0,2.5,0.0,12000.0,0.0,750.0
2018-05-29 17:54:57.736932,1023.0,2.5,0.0,12000.0,0.0,750.0
2018-05-29 17:54:57.942424,1023.0,2.5,0.0,12000.0,0.0,750.0
2018-05-29 17:54:58.140899,1023.0,2.5,0.0,12000.0,0.0,750.0
2018-05-29 17:54:58.342381,1023.0,2.5,0.0,12000.0,0.0,750.0
2018-05-29 17:54:58.543864,1023.0,2.5,0.0,12000.0,0.0,750.0
2018-05-29 17:54:58.745346,1023.0,2.5,0.0,12000.0,0.0,750.0
2018-05-29 17:54:58.946828,1023.0,2.5,0.0,12000.0,0.0,750.0
2018-05-29 17:54:59.148311,1023.0,2.5,0.0,12000.0,0.0,750.0
2018-05-29 17:54:59.353803,1023.0,2.5,0.0,12000.0,0.0,750.0
2018-05-29 17:54:59.551276,1023.0,2.5,0.0,12000.0,0.0,750.0
2018-05-29 17:54:59.752758,1023.0,2.5,0.0,12000.0,0.0,750.0
2018-05-29 17:54:59.954240,1023.0,2.5,0.0,12000.0,0.0,750.0
2018-05-29 17:55:00.155723,1023.0,2.5,0.0,12000.0,0.0,750.0
2018-05-29 17:55:00.357205,1023.0,2.5,0.0,12000.0,0.0,750.0
2018-05-29 17:55:00.559690,1023.0,2.5,0.0,12000.0,0.0,750.0
2018-05-29 17:55:00.760170,1023.0,2.5,0.0,12000.0,0.0,750.0
2018-05-29 17:55:00.962655,1023.0,2.5,0.0,12000.0,0.0,750.0
2018-05-29 17:55:01.167144,1023.0,2.5,0.0,12000.0,0.0,750.0
2018-05-29 17:55:01.369629,1023.0,2.5,0.0,12000.0,0.0,750.0
2018-05-29 17:55:01.571112,1023.0,2.5,0.0,12000.0,0.0,750.0
2018-05-29 17:55:01.772594,1023.0,2.5,0.0,12000.0,0.0,750.0
2018-05-29 17:55:01.974076,1023.0,2.5,0.0,12000.0,0.0,750.0
2018-05-29 17:55:02.176561,1023.0,2.5,0.0,12000.0,0.0,750.0
2018-05-29 17:55:02.396087,1023.0,2.5,0.0,12000.0,0.0,750.0
2018-05-29 17:55:02.598572,1023.0,2.5,0.0,12000.0,0.0,750.0
2018-05-29 17:55:02.802059,1023.0,2.5,0.0,12000.0,0.0,750.0
2018-05-29 17:55:03.005546,1023.0,2.5,0.0,12000.0,0.0,750.0
2018-05-29 17:55:03.210036,1023.0,2.5,0.0,12000.0,0.0,750.0
2018-05-29 17:55:03.412520,1023.0,2.5,0.0,12000.0,0.0,750.0
2018-05-29 17:55:03.614003,1023.0,2.5,0.0,12000.0,0.0,750.0
2018-05-29 17:55:03.815485,1023.0,2.5,0.0,12000.0,0.0,750.0
2018-05-29 17:55:04.020977,1023.0,2.5,0.0,12000.0,0.0,750.0
2018-05-29 17:55:04.218450,1023.0,2.5,0.0,12000.0,0.0,750.0
2018-05-29 17:55:04.419932,1023.0,2.5,0.0,12000.0,0.0,750.0
2018-05-29 17:55:04.634446,1023.0,2.5,0.0,12000.0,0.0,750.0
2018-05-29 17:55:04.836931,1023.0,2.5,0.0,12000.0,0.0,750.0
2018-05-29 17:55:05.038413,1023.0,2.5,0.0,12000.0,0.0,750.0
2018-05-29 17:55:05.240898,1023.0,2.5,0.0,12000.0,0.0,750.0
2018-05-29 17:55:05.443383,1023.0,2.5,0.0,12000.0,0.0,750.0
2018-05-29 17:55:05.644865,1023.0,2.5,0.0,12000.0,0.0,750.0
2018-05-29 17:55:05.849355,1023.0,2.5,0.0,12000.0,0.0,750.0
2018-05-29 17:55:06.047830,1023.0,2.5,0.0,12000.0,0.0,750.0
2018-05-29 17:55:06.250315,1023.0,2.5,0.0,12000.0,0.0,750.0
2018-05-29 17:55:06.451797,1023.0,2.5,0.0,12000.0,0.0,750.0
2018-05-29 17:55:06.655284,1023.0,2.5,0.0,12000.0,0.0,750.0
2018-05-29 17:55:06.856767,1023.0,2.5,0.0,12000.0,0.0,750.0
2018-05-29 17:55:07.059252,1023.0,2.5,0.0,12000.0,0.0,750.0
2018-05-29 17:55:07.261736,1023.0,2.5,0.0,12000.0,0.0,750.0
2018-05-29 17:55:07.462216,1023.0,2.5,0.0,12000.0,0.0,750.0
2018-05-29 17:55:07.663699,1023.0,2.5,0.0,12000.0,0.0,750.0
2018-05-29 17:55:07.865181,1023.0,2.5,0.0,12000.0,0.0,750.0
2018-05-29 17:55:08.066664,1023.0,2.5,0.0,12000.0,0.0,750.0
2018-05-29 17:55:08.268146,1023.0,2.5,0.0,12000.0,0.0,750.0
2018-05-29 17:55:08.469628,1023.0,2.5,0.0,12000.0,0.0,750.0
2018-05-29 17:55:08.672113,1023.0,2.5,0.0,12000.0,0.0,750.0
2018-05-29 17:55:08.873596,1023.0,2.5,0.0,12000.0,0.0,750.0
2018-05-29 17:55:09.077083,1023.0,2.5,0.0,12000.0,0.0,750.0
2018-05-29 17:55:09.280570,1023.0,2.5,0.0,12000.0,0.0,750.0
2018-05-29 17:55:09.480048,1023.0,2.5,0.0,12000.0,0.0,750.0
2018-05-29 17:55:09.690552,1023.0,2.5,0.0,12000.0,0.0,750.0
2018-05-29 17:55:09.892034,1023.0,2.5,0.0,12000.0,0.0,750.0
2018-05-29 17:55:10.093516,1023.0,2.5,0.0,12000.0,0.0,750.0
2018-05-29 17:55:10.294999,1023.0,2.5,0.0,12000.0,0.0,750.0
2018-05-29 17:55:10.499488,1023.0,2.5,0.0,12000.0,0.0,750.0
2018-05-29 17:55:10.706985,1023.0,2.5,0.0,12000.0,0.0,750.0
2018-05-29 17:55:10.908468,1023.0,2.5,0.0,12000.0,0.0,750.0
2018-05-29 17:55:11.111955,1023.0,2.5,0.0,12000.0,0.0,750.0
2018-05-29 17:55:11.318449,1023.0,2.5,0.0,12000.0,0.0,750.0
2018-05-29 17:55:11.519932,1023.0,2.5,0.0,12000.0,0.0,750.0
2018-05-29 17:55:11.721414,1023.0,2.5,0.0,12000.0,0.0,750.0
2018-05-29 17:55:11.922896,1023.0,2.5,0.0,12000.0,0.0,750.0
2018-05-29 17:55:12.124379,1023.0,2.5,0.0,12000.0,0.0,750.0
2018-05-29 17:55:12.327866,1023.0,2.5,0.0,12000.0,0.0,750.0
2018-05-29 17:55:12.527344,1023.0,2.5,0.0,12000.0,0.0,750.0
2018-05-29 17:55:12.732836,1023.0,2.5,0.0,12000.0,0.0,750.0
2018-05-29 17:55:12.938328,1023.0,2.5,0.0,12000.0,0.0,750.0
2018-05-29 17:55:13.136803,1023.0,2.5,0.0,12000.0,0.0,750.0
2018-05-29 17:55:13.338285,1023.0,2.5,0.0,12000.0,0.0,750.0
2018-05-29 17:55:13.539768,1023.0,2.5,0.0,12000.0,0.0,750.0
2018-05-29 17:55:13.741250,1023.0,2.5,0.0,12000.0,0.0,750.0
2018-05-29 17:55:13.944737,1023.0,2.5,0.0,12000.0,0.0,750.0
2018-05-29 17:55:14.146220,1023.0,2.5,0.0,12000.0,0.0,750.0
2018-05-29 17:55:14.348704,1023.0,2.5,0.0,12000.0,0.0,750.0
2018-05-29 17:55:14.549184,1023.0,2.5,0.0,12000.0,0.0,750.0
2018-05-29 17:55:14.750667,1023.0,2.5,0.0,12000.0,0.0,750.0
2018-05-29 17:55:14.952149,1023.0,2.5,0.0,12000.0,0.0,750.0
2018-05-29 17:55:15.153632,1023.0,2.5,0.0,12000.0,0.0,750.0
2018-05-29 17:55:15.355114,1023.0,2.5,0.0,12000.0,0.0,750.0
2018-05-29 17:55:15.557599,1023.0,2.5,0.0,12000.0,0.0,750.0
2018-05-29 17:55:15.760084,1023.0,2.5,0.0,12000.0,0.0,750.0
2018-05-29 17:55:15.961566,1023.0,2.5,0.0,12000.0,0.0,750.0
2018-05-29 17:55:16.164051,1023.0,2.5,0.0,12000.0,0.0,750.0
2018-05-29 17:55:16.369543,1023.0,2.5,0.0,12000.0,0.0,750.0
2018-05-29 17:55:16.568018,1023.0,2.5,0.0,12000.0,0.0,750.0
2018-05-29 17:55:16.770503,1023.0,2.5,0.0,12000.0,0.0,750.0
2018-05-29 17:55:16.972988,1023.0,2.5,0.0,12000.0,0.0,750.0
2018-05-29 17:55:17.177477,1023.0,2.5,0.0,12000.0,0.0,750.0
2018-05-29 17:55:17.378960,1023.0,2.5,0.0,12000.0,0.0,750.0
2018-05-29 17:55:17.581444,1023.0,2.5,0.0,12000.0,0.0,750.0
2018-05-29 17:55:17.786936,1023.0,2.5,0.0,12000.0,0.0,750.0
2018-05-29 17:55:17.988419,1023.0,2.5,0.0,12000.0,0.0,750.0
2018-05-29 17:55:18.189901,1023.0,2.5,0.0,12000.0,0.0,750.0
2018-05-29 17:55:18.392386,1023.0,2.5,0.0,12000.0,0.0,750.0
2018-05-29 17:55:18.592866,1023.0,2.5,0.0,12000.0,0.0,750.0
2018-05-29 17:55:18.795351,1023.0,2.5,0.0,12000.0,0.0,750.0
2018-05-29 17:55:18.999840,1023.0,2.5,0.0,12000.0,0.0,750.0
2018-05-29 17:55:19.198316,1023.0,2.5,0.0,12000.0,0.0,750.0
2018-05-29 17:55:19.399798,1023.0,2.5,0.0,12000.0,0.0,750.0
2018-05-29 17:55:19.601280,1023.0,2.5,0.0,12000.0,0.0,750.0
2018-05-29 17:55:19.803765,1023.0,2.5,0.0,12000.0,0.0,750.0
2018-05-29 17:55:20.005248,1023.0,2.5,0.0,12000.0,0.0,750.0
2018-05-29 17:55:20.206730,1023.0,2.5,0.0,12000.0,0.0,750.0
2018-05-29 17:55:20.411220,1023.0,2.5,0.0,12000.0,0.0,750.0
2018-05-29 17:55:20.609695,1023.0,2.5,0.0,12000.0,0.0,750.0
2018-05-29 17:55:20.811177,1023.0,2.5,0.0,12000.0,0.0,750.0
2018-05-29 17:55:21.012660,1023.0,2.5,0.0,12000.0,0.0,750.0
2018-05-29 17:55:21.214142,1023.0,2.5,0.0,12000.0,0.0,750.0
2018-05-29 17:55:21.416627,1023.0,2.5,0.0,12000.0,0.0,750.0
2018-05-29 17:55:21.620114,1023.0,2.5,0.0,12000.0,0.0,750.0
2018-05-29 17:55:21.822599,1023.0,2.5,0.0,12000.0,0.0,750.0
2018-05-29 17:55:22.024081,1023.0,2.5,0.0,12000.0,0.0,750.0
2018-05-29 17:55:22.225564,1023.0,2.5,0.0,12000.0,0.0,750.0
2018-05-29 17:55:22.466140,1023.0,2.5,0.0,12000.0,0.0,750.0
2018-05-29 17:55:22.702706,1023.0,2.5,0.0,12000.0,0.0,750.0
2018-05-29 17:55:22.906193,1023.0,2.5,0.0,12000.0,0.0,750.0
2018-05-29 17:55:23.107676,1023.0,2.5,0.0,12000.0,0.0,750.0
2018-05-29 17:55:23.314170,1023.0,2.5,0.0,12000.0,0.0,750.0
2018-05-29 17:55:23.589830,1023.0,2.5,0.0,12000.0,0.0,750.0
2018-05-29 17:55:23.836420,1023.0,2.5,0.0,12000.0,0.0,750.0
2018-05-29 17:55:24.038905,1023.0,2.5,0.0,12000.0,0.0,750.0
2018-05-29 17:55:24.241390,1023.0,2.5,0.0,12000.0,0.0,750.0
2018-05-29 17:55:24.445880,1023.0,2.5,0.0,12000.0,0.0,750.0
2018-05-29 17:55:24.648364,1023.0,2.5,0.0,12000.0,0.0,750.0
2018-05-29 17:55:24.849847,1023.0,2.5,0.0,12000.0,0.0,750.0
2018-05-29 17:55:25.051329,1023.0,2.5,0.0,12000.0,0.0,750.0
2018-05-29 17:55:25.254816,1023.0,2.5,0.0,12000.0,0.0,750.0
2018-05-29 17:55:25.458304,1023.0,2.5,0.0,12000.0,0.0,750.0
2018-05-29 17:55:25.659786,1023.0,2.5,0.0,12000.0,0.0,750.0
2018-05-29 17:55:25.864276,1023.0,2.5,0.0,12000.0,0.0,750.0
2018-05-29 17:55:26.064756,1023.0,2.5,0.0,12000.0,0.0,750.0
2018-05-29 17:55:26.265236,1023.0,2.5,0.0,12000.0,0.0,750.0
2018-05-29 17:55:26.466718,1023.0,2.5,0.0,12000.0,0.0,750.0
2018-05-29 17:55:26.668200,1023.0,2.5,0.0,12000.0,0.0,750.0
2018-05-29 17:55:26.869683,1023.0,2.5,0.0,12000.0,0.0,750.0
2018-05-29 17:55:27.071165,1023.0,2.5,0.0,12000.0,0.0,750.0
2018-05-29 17:55:27.274652,1023.0,2.5,0.0,12000.0,0.0,750.0
2018-05-29 17:55:27.474130,1023.0,2.5,0.0,12000.0,0.0,750.0
2018-05-29 17:55:27.675612,1023.0,2.5,0.0,12000.0,0.0,750.0
2018-05-29 17:55:27.877095,1023.0,2.5,0.0,12000.0,0.0,750.0
2018-05-29 17:55:28.078577,1023.0,2.5,0.0,12000.0,0.0,750.0
2018-05-29 17:55:28.280060,1023.0,2.5,0.0,12000.0,0.0,750.0
2018-05-29 17:55:28.484549,1023.0,2.5,0.0,12000.0,0.0,750.0
2018-05-29 17:55:28.686032,1023.0,2.5,0.0,12000.0,0.0,750.0
2018-05-29 17:55:28.943648,1023.0,2.5,0.0,12000.0,0.0,750.0
2018-05-29 17:55:29.173198,1023.0,2.5,0.0,12000.0,0.0,750.0
2018-05-29 17:55:29.376685,1023.0,2.5,0.0,12000.0,0.0,750.0
2018-05-29 17:55:29.579170,1023.0,2.5,0.0,12000.0,0.0,750.0
2018-05-29 17:55:29.781655,1023.0,2.5,0.0,12000.0,0.0,750.0
2018-05-29 17:55:29.983137,1023.0,2.5,0.0,12000.0,0.0,750.0
2018-05-29 17:55:30.185622,1023.0,2.5,0.0,12000.0,0.0,750.0
2018-05-29 17:55:30.389109,1023.0,2.5,0.0,12000.0,0.0,750.0
2018-05-29 17:55:30.597608,1023.0,2.5,0.0,12000.0,0.0,750.0
2018-05-29 17:55:30.803100,1023.0,2.5,0.0,12000.0,0.0,750.0
2018-05-29 17:55:31.004583,1023.0,2.5,0.0,12000.0,0.0,750.0
2018-05-29 17:55:31.213082,1023.0,2.5,0.0,12000.0,0.0,750.0
2018-05-29 17:55:31.414564,1023.0,2.5,0.0,12000.0,0.0,750.0
2018-05-29 17:55:31.616047,1023.0,2.5,0.0,12000.0,0.0,750.0
2018-05-29 17:55:31.817529,1023.0,2.5,0.0,12000.0,0.0,750.0
2018-05-29 17:55:32.019012,1023.0,2.5,0.0,12000.0,0.0,750.0
2018-05-29 17:55:32.221496,1023.0,2.5,0.0,12000.0,0.0,750.0
2018-05-29 17:55:32.422979,1023.0,2.5,0.0,12000.0,0.0,750.0
2018-05-29 17:55:32.624461,1023.0,2.5,0.0,12000.0,0.0,750.0
2018-05-29 17:55:32.827948,1023.0,2.5,0.0,12000.0,0.0,750.0
2018-05-29 17:55:33.032438,1023.0,2.5,0.0,12000.0,0.0,750.0
2018-05-29 17:55:33.230913,1023.0,2.5,0.0,12000.0,0.0,750.0
2018-05-29 17:55:33.433398,1023.0,2.5,0.0,12000.0,0.0,750.0
2018-05-29 17:55:33.636885,1023.0,2.5,0.0,12000.0,0.0,750.0
2018-05-29 17:55:33.837365,1023.0,2.5,0.0,12000.0,0.0,750.0
2018-05-29 17:55:34.038848,1023.0,2.5,0.0,12000.0,0.0,750.0
2018-05-29 17:55:34.244340,1023.0,2.5,0.0,12000.0,0.0,750.0
2018-05-29 17:55:34.445822,1023.0,2.5,0.0,12000.0,0.0,750.0
2018-05-29 17:55:34.651314,1023.0,2.5,0.0,12000.0,0.0,750.0
2018-05-29 17:55:34.852796,1023.0,2.5,0.0,12000.0,0.0,750.0
2018-05-29 17:55:35.054279,1023.0,2.5,0.0,12000.0,0.0,750.0
2018-05-29 17:55:35.259771,1023.0,2.5,0.0,12000.0,0.0,750.0
2018-05-29 17:55:35.464260,1023.0,2.5,0.0,12000.0,0.0,750.0
2018-05-29 17:55:35.670755,1023.0,2.5,0.0,12000.0,0.0,750.0
2018-05-29 17:55:35.872237,1023.0,2.5,0.0,12000.0,0.0,750.0
2018-05-29 17:55:36.073720,1023.0,2.5,0.0,12000.0,0.0,750.0
2018-05-29 17:55:36.275202,1023.0,2.5,0.0,12000.0,0.0,750.0
2018-05-29 17:55:36.476684,1023.0,2.5,0.0,12000.0,0.0,750.0
2018-05-29 17:55:36.679169,1023.0,2.5,0.0,12000.0,0.0,750.0
2018-05-29 17:55:36.890676,1023.0,2.5,0.0,12000.0,0.0,750.0
2018-05-29 17:55:37.092158,1023.0,2.5,0.0,12000.0,0.0,750.0
2018-05-29 17:55:37.293640,1023.0,2.5,0.0,12000.0,0.0,750.0
2018-05-29 17:55:37.496125,1023.0,2.5,0.0,12000.0,0.0,750.0
2018-05-29 17:55:37.697608,1023.0,2.5,0.0,12000.0,0.0,750.0
2018-05-29 17:55:37.910116,1023.0,2.5,0.0,12000.0,0.0,750.0
2018-05-29 17:55:38.111599,1023.0,2.5,0.0,12000.0,0.0,750.0
2018-05-29 17:55:38.313081,1023.0,2.5,0.0,12000.0,0.0,750.0
2018-05-29 17:55:38.514564,1023.0,2.5,0.0,12000.0,0.0,750.0
2018-05-29 17:55:38.717048,1023.0,2.5,0.0,12000.0,0.0,750.0
2018-05-29 17:55:38.918531,1023.0,2.5,0.0,12000.0,0.0,750.0
2018-05-29 17:55:39.123020,1023.0,2.5,0.0,12000.0,0.0,750.0
2018-05-29 17:55:39.326508,1023.0,2.5,0.0,12000.0,0.0,750.0
2018-05-29 17:55:39.527990,1023.0,2.5,0.0,12000.0,0.0,750.0
2018-05-29 17:55:39.730475,1023.0,2.5,0.0,12000.0,0.0,750.0
2018-05-29 17:55:39.931957,1023.0,2.5,0.0,12000.0,0.0,750.0
2018-05-29 17:55:40.137449,1023.0,2.5,0.0,12000.0,0.0,750.0
2018-05-29 17:55:40.334922,1023.0,2.5,0.0,12000.0,0.0,750.0
2018-05-29 17:55:40.536404,1023.0,2.5,0.0,12000.0,0.0,750.0
2018-05-29 17:55:40.738889,1023.0,2.5,0.0,12000.0,0.0,750.0
2018-05-29 17:55:40.943379,1023.0,2.5,0.0,12000.0,0.0,750.0
2018-05-29 17:55:41.144861,1023.0,2.5,0.0,12000.0,0.0,750.0
2018-05-29 17:55:41.347346,1023.0,2.5,0.0,12000.0,0.0,750.0
2018-05-29 17:55:41.549831,1023.0,2.5,0.0,12000.0,0.0,750.0
2018-05-29 17:55:41.751313,1023.0,2.5,0.0,12000.0,0.0,750.0
2018-05-29 17:55:41.952796,1023.0,2.5,0.0,12000.0,0.0,750.0
2018-05-29 17:55:42.158288,1023.0,2.5,0.0,12000.0,0.0,750.0
2018-05-29 17:55:42.357765,1023.0,2.5,0.0,12000.0,0.0,750.0
2018-05-29 17:55:42.559248,1023.0,2.5,0.0,12000.0,0.0,750.0
2018-05-29 17:55:42.760730,1023.0,2.5,0.0,12000.0,0.0,750.0
2018-05-29 17:55:42.962212,1023.0,2.5,0.0,12000.0,0.0,750.0
2018-05-29 17:55:43.163695,1023.0,2.5,0.0,12000.0,0.0,750.0
2018-05-29 17:55:43.365177,1023.0,2.5,0.0,12000.0,0.0,750.0
2018-05-29 17:55:43.569667,1023.0,2.5,0.0,12000.0,0.0,750.0
2018-05-29 17:55:43.769144,1023.0,2.5,0.0,12000.0,0.0,750.0
2018-05-29 17:55:43.973634,1023.0,2.5,0.0,12000.0,0.0,750.0
2018-05-29 17:55:44.175116,1023.0,2.5,0.0,12000.0,0.0,750.0
2018-05-29 17:55:44.376599,1023.0,2.5,0.0,12000.0,0.0,750.0
2018-05-29 17:55:44.579084,1023.0,2.5,0.0,12000.0,0.0,750.0
2018-05-29 17:55:44.779564,1023.0,2.5,0.0,12000.0,0.0,750.0
2018-05-29 17:55:44.981046,1023.0,2.5,0.0,12000.0,0.0,750.0
2018-05-29 17:55:45.182528,1023.0,2.5,0.0,12000.0,0.0,750.0
2018-05-29 17:55:45.384011,1023.0,2.5,0.0,12000.0,0.0,750.0
2018-05-29 17:55:45.585493,1023.0,2.5,0.0,12000.0,0.0,750.0
2018-05-29 17:55:45.787978,1023.0,2.5,0.0,12000.0,0.0,750.0
2018-05-29 17:55:45.990463,1023.0,2.5,0.0,12000.0,0.0,750.0
2018-05-29 17:55:46.190943,1023.0,2.5,0.0,12000.0,0.0,750.0
2018-05-29 17:55:46.393428,1023.0,2.5,0.0,12000.0,0.0,750.0
2018-05-29 17:55:46.594910,1023.0,2.5,0.0,12000.0,0.0,750.0
2018-05-29 17:55:46.797395,1023.0,2.5,0.0,12000.0,0.0,750.0
2018-05-29 17:55:46.998877,1023.0,2.5,0.0,12000.0,0.0,750.0
2018-05-29 17:55:47.200360,1023.0,2.5,0.0,12000.0,0.0,750.0
2018-05-29 17:55:47.401842,1023.0,2.5,0.0,12000.0,0.0,750.0
2018-05-29 17:55:47.603324,1023.0,2.5,0.0,12000.0,0.0,750.0
2018-05-29 17:55:47.804807,1023.0,2.5,0.0,12000.0,0.0,750.0
2018-05-29 17:55:48.007292,1023.0,2.5,0.0,12000.0,0.0,750.0
2018-05-29 17:55:48.208774,1023.0,2.5,0.0,12000.0,0.0,750.0
2018-05-29 17:55:48.412261,1023.0,2.5,0.0,12000.0,0.0,750.0
2018-05-29 17:55:48.611739,1023.0,2.5,0.0,12000.0,0.0,750.0
2018-05-29 17:55:48.813221,1023.0,2.5,0.0,12000.0,0.0,750.0
2018-05-29 17:55:49.014704,1023.0,2.5,0.0,12000.0,0.0,750.0
2018-05-29 17:55:49.216186,1023.0,2.5,0.0,12000.0,0.0,750.0
2018-05-29 17:55:49.418671,1023.0,2.5,0.0,12000.0,0.0,750.0
2018-05-29 17:55:49.621156,1023.0,2.5,0.0,12000.0,0.0,750.0
2018-05-29 17:55:49.824643,1023.0,2.5,0.0,12000.0,0.0,750.0
2018-05-29 17:55:50.026125,1023.0,2.5,0.0,12000.0,0.0,750.0
2018-05-29 17:55:50.231617,1023.0,2.5,0.0,12000.0,0.0,750.0
2018-05-29 17:55:50.433100,1023.0,2.5,0.0,12000.0,0.0,750.0
2018-05-29 17:55:50.634582,1023.0,2.5,0.0,12000.0,0.0,750.0
2018-05-29 17:55:50.836064,1023.0,2.5,0.0,12000.0,0.0,750.0
2018-05-29 17:55:51.037547,1023.0,2.5,0.0,12000.0,0.0,750.0
2018-05-29 17:55:51.239029,1023.0,2.5,0.0,12000.0,0.0,750.0
2018-05-29 17:55:51.440512,1023.0,2.5,0.0,12000.0,0.0,750.0
2018-05-29 17:55:51.641994,1023.0,2.5,0.0,12000.0,0.0,750.0
2018-05-29 17:55:51.950733,1023.0,2.5,0.0,12000.0,0.0,750.0
2018-05-29 17:55:52.253458,1023.0,2.5,0.0,12000.0,0.0,750.0
2018-05-29 17:55:52.493032,1023.0,2.5,0.0,12000.0,0.0,750.0
2018-05-29 17:55:52.739622,1023.0,2.5,0.0,12000.0,0.0,750.0
2018-05-29 17:55:52.968169,1023.0,2.5,0.0,12000.0,0.0,750.0
2018-05-29 17:55:53.171656,1023.0,2.5,0.0,12000.0,0.0,750.0
2018-05-29 17:55:53.374141,1023.0,2.5,0.0,12000.0,0.0,750.0
2018-05-29 17:55:53.576626,1023.0,2.5,0.0,12000.0,0.0,750.0
2018-05-29 17:55:53.779111,1023.0,2.5,0.0,12000.0,0.0,750.0
2018-05-29 17:55:53.979591,1023.0,2.5,0.0,12000.0,0.0,750.0
2018-05-29 17:55:54.181073,1023.0,2.5,0.0,12000.0,0.0,750.0
2018-05-29 17:55:54.382556,1023.0,2.5,0.0,12000.0,0.0,750.0
2018-05-29 17:55:54.585040,1023.0,2.5,0.0,12000.0,0.0,750.0
2018-05-29 17:55:54.787525,1023.0,2.5,0.0,12000.0,0.0,750.0
2018-05-29 17:55:54.989008,1023.0,2.5,0.0,12000.0,0.0,750.0
2018-05-29 17:55:55.190490,1023.0,2.5,0.0,12000.0,0.0,750.0
2018-05-29 17:55:55.392975,1023.0,2.5,0.0,12000.0,0.0,750.0
2018-05-29 17:55:55.597464,1023.0,2.5,0.0,12000.0,0.0,750.0
2018-05-29 17:55:55.795940,1023.0,2.5,0.0,12000.0,0.0,750.0
2018-05-29 17:55:55.997422,1023.0,2.5,0.0,12000.0,0.0,750.0
2018-05-29 17:55:56.198904,1023.0,2.5,0.0,12000.0,0.0,750.0
2018-05-29 17:55:56.400387,1023.0,2.5,0.0,12000.0,0.0,750.0
2018-05-29 17:55:56.601869,1023.0,2.5,0.0,12000.0,0.0,750.0
2018-05-29 17:55:56.803352,1023.0,2.5,0.0,12000.0,0.0,750.0
2018-05-29 17:55:57.008844,1023.0,2.5,0.0,12000.0,0.0,750.0
2018-05-29 17:55:57.208321,1023.0,2.5,0.0,12000.0,0.0,750.0
2018-05-29 17:55:57.418825,1023.0,2.5,0.0,12000.0,0.0,750.0
2018-05-29 17:55:57.650380,1023.0,2.5,0.0,12000.0,0.0,750.0
2018-05-29 17:55:57.853867,1023.0,2.5,0.0,12000.0,0.0,750.0
2018-05-29 17:55:58.120505,1023.0,2.5,0.0,12000.0,0.0,750.0
2018-05-29 17:55:58.365091,1023.0,2.5,0.0,12000.0,0.0,750.0
2018-05-29 17:55:58.580607,1023.0,2.5,0.0,12000.0,0.0,750.0
2018-05-29 17:55:58.785096,1023.0,2.5,0.0,12000.0,0.0,750.0
2018-05-29 17:55:58.986579,1023.0,2.5,0.0,12000.0,0.0,750.0
2018-05-29 17:55:59.190066,1023.0,2.5,0.0,12000.0,0.0,750.0
2018-05-29 17:55:59.389544,1023.0,2.5,0.0,12000.0,0.0,750.0
2018-05-29 17:55:59.591026,1023.0,2.5,0.0,12000.0,0.0,750.0
2018-05-29 17:55:59.792508,1023.0,2.5,0.0,12000.0,0.0,750.0
2018-05-29 17:55:59.993991,1023.0,2.5,0.0,12000.0,0.0,750.0
2018-05-29 17:56:00.195473,1023.0,2.5,0.0,12000.0,0.0,750.0
2018-05-29 17:56:00.396956,1023.0,2.5,0.0,12000.0,0.0,750.0
2018-05-29 17:56:00.601445,1023.0,2.5,0.0,12000.0,0.0,750.0
2018-05-29 17:56:00.799920,1023.0,2.5,0.0,12000.0,0.0,750.0
2018-05-29 17:56:01.001403,1023.0,2.5,0.0,12000.0,0.0,750.0
2018-05-29 17:56:01.202885,1023.0,2.5,0.0,12000.0,0.0,750.0
2018-05-29 17:56:01.405370,1023.0,2.5,0.0,12000.0,0.0,750.0
2018-05-29 17:56:01.606852,1023.0,2.5,0.0,12000.0,0.0,750.0
2018-05-29 17:56:01.808335,1023.0,2.5,0.0,12000.0,0.0,750.0
2018-05-29 17:56:02.011822,1023.0,2.5,0.0,12000.0,0.0,750.0
2018-05-29 17:56:02.211300,1023.0,2.5,0.0,12000.0,0.0,750.0
2018-05-29 17:56:02.412782,1023.0,2.5,0.0,12000.0,0.0,750.0
2018-05-29 17:56:02.614264,1023.0,2.5,0.0,12000.0,0.0,750.0
2018-05-29 17:56:02.816749,1023.0,2.5,0.0,12000.0,0.0,750.0
2018-05-29 17:56:03.018232,1023.0,2.5,0.0,12000.0,0.0,750.0
2018-05-29 17:56:03.219714,1023.0,2.5,0.0,12000.0,0.0,750.0
2018-05-29 17:56:03.436232,1023.0,2.5,0.0,12000.0,0.0,750.0
2018-05-29 17:56:03.641724,1023.0,2.5,0.0,12000.0,0.0,750.0
2018-05-29 17:56:03.844209,1023.0,2.5,0.0,12000.0,0.0,750.0
2018-05-29 17:56:04.046694,1023.0,2.5,0.0,12000.0,0.0,750.0
2018-05-29 17:56:04.249179,1023.0,2.5,0.0,12000.0,0.0,750.0
2018-05-29 17:56:04.452666,1023.0,2.5,0.0,12000.0,0.0,750.0
2018-05-29 17:56:04.654148,1023.0,2.5,0.0,12000.0,0.0,750.0
2018-05-29 17:56:04.855631,1023.0,2.5,0.0,12000.0,0.0,750.0
2018-05-29 17:56:05.060120,1023.0,2.5,0.0,12000.0,0.0,750.0
2018-05-29 17:56:05.261603,1023.0,2.5,0.0,12000.0,0.0,750.0
2018-05-29 17:56:05.465090,1023.0,2.5,0.0,12000.0,0.0,750.0
2018-05-29 17:56:05.671584,1023.0,2.5,0.0,12000.0,0.0,750.0
2018-05-29 17:56:05.874069,1023.0,2.5,0.0,12000.0,0.0,750.0
2018-05-29 17:56:06.075552,1023.0,2.5,0.0,12000.0,0.0,750.0
2018-05-29 17:56:06.278036,1023.0,2.5,0.0,12000.0,0.0,750.0
2018-05-29 17:56:06.478516,1023.0,2.5,0.0,12000.0,0.0,750.0
2018-05-29 17:56:06.681001,1023.0,2.5,0.0,12000.0,0.0,750.0
2018-05-29 17:56:06.882484,1023.0,2.5,0.0,12000.0,0.0,750.0
2018-05-29 17:56:07.083966,1023.0,2.5,0.0,12000.0,0.0,750.0
2018-05-29 17:56:07.285448,1023.0,2.5,0.0,12000.0,0.0,750.0
2018-05-29 17:56:07.487933,1023.0,2.5,0.0,12000.0,0.0,750.0
2018-05-29 17:56:07.690418,1023.0,2.5,0.0,12000.0,0.0,750.0
2018-05-29 17:56:07.891900,1023.0,2.5,0.0,12000.0,0.0,750.0
2018-05-29 17:56:08.119445,1023.0,2.5,0.0,12000.0,0.0,750.0
2018-05-29 17:56:08.320928,1023.0,2.5,0.0,12000.0,0.0,750.0
2018-05-29 17:56:08.523412,1023.0,2.5,0.0,12000.0,0.0,750.0
2018-05-29 17:56:08.735921,1023.0,2.5,0.0,12000.0,0.0,750.0
2018-05-29 17:56:08.940411,1023.0,2.5,0.0,12000.0,0.0,750.0
2018-05-29 17:56:09.141893,1023.0,2.5,0.0,12000.0,0.0,750.0
2018-05-29 17:56:09.345380,1023.0,2.5,0.0,12000.0,0.0,750.0
2018-05-29 17:56:09.549870,1023.0,2.5,0.0,12000.0,0.0,750.0
2018-05-29 17:56:09.748345,1023.0,2.5,0.0,12000.0,0.0,750.0
2018-05-29 17:56:09.952835,1023.0,2.5,0.0,12000.0,0.0,750.0
2018-05-29 17:56:10.154317,1023.0,2.5,0.0,12000.0,0.0,750.0
2018-05-29 17:56:10.355800,1023.0,2.5,0.0,12000.0,0.0,750.0
2018-05-29 17:56:10.558284,1023.0,2.5,0.0,12000.0,0.0,750.0
2018-05-29 17:56:10.759767,1023.0,2.5,0.0,12000.0,0.0,750.0
2018-05-29 17:56:10.962252,1023.0,2.5,0.0,12000.0,0.0,750.0
2018-05-29 17:56:11.162732,1023.0,2.5,0.0,12000.0,0.0,750.0
2018-05-29 17:56:11.365216,1023.0,2.5,0.0,12000.0,0.0,750.0
2018-05-29 17:56:11.570708,1023.0,2.5,0.0,12000.0,0.0,750.0
2018-05-29 17:56:11.768181,1023.0,2.5,0.0,12000.0,0.0,750.0
2018-05-29 17:56:11.969664,1023.0,2.5,0.0,12000.0,0.0,750.0
2018-05-29 17:56:12.171146,1023.0,2.5,0.0,12000.0,0.0,750.0
2018-05-29 17:56:12.372628,1023.0,2.5,0.0,12000.0,0.0,750.0
2018-05-29 17:56:12.574111,1023.0,2.5,0.0,12000.0,0.0,750.0
2018-05-29 17:56:12.775593,1023.0,2.5,0.0,12000.0,0.0,750.0
2018-05-29 17:56:12.978078,1023.0,2.5,0.0,12000.0,0.0,750.0
2018-05-29 17:56:13.181565,1023.0,2.5,0.0,12000.0,0.0,750.0
2018-05-29 17:56:13.383048,1023.0,2.5,0.0,12000.0,0.0,750.0
2018-05-29 17:56:13.584530,1023.0,2.5,0.0,12000.0,0.0,750.0
2018-05-29 17:56:13.786012,1023.0,2.5,0.0,12000.0,0.0,750.0
2018-05-29 17:56:13.987495,1023.0,2.5,0.0,12000.0,0.0,750.0
2018-05-29 17:56:14.190982,1023.0,2.5,0.0,12000.0,0.0,750.0
2018-05-29 17:56:14.392464,1023.0,2.5,0.0,12000.0,0.0,750.0
2018-05-29 17:56:14.594949,1023.0,2.5,0.0,12000.0,0.0,750.0
2018-05-29 17:56:14.796432,1023.0,2.5,0.0,12000.0,0.0,750.0
2018-05-29 17:56:14.997914,1023.0,2.5,0.0,12000.0,0.0,750.0
2018-05-29 17:56:15.199396,1023.0,2.5,0.0,12000.0,0.0,750.0
2018-05-29 17:56:15.404888,1023.0,2.5,0.0,12000.0,0.0,750.0
2018-05-29 17:56:15.612385,1023.0,2.5,0.0,12000.0,0.0,750.0
2018-05-29 17:56:15.812865,1023.0,2.5,0.0,12000.0,0.0,750.0
2018-05-29 17:56:16.014348,1023.0,2.5,0.0,12000.0,0.0,750.0
2018-05-29 17:56:16.215830,1023.0,2.5,0.0,12000.0,0.0,750.0
2018-05-29 17:56:16.417312,1023.0,2.5,0.0,12000.0,0.0,750.0
2018-05-29 17:56:16.631826,1023.0,2.5,0.0,12000.0,0.0,750.0
2018-05-29 17:56:16.833308,1023.0,2.5,0.0,12000.0,0.0,750.0
2018-05-29 17:56:17.035793,1023.0,2.5,0.0,12000.0,0.0,750.0
2018-05-29 17:56:17.237276,1023.0,2.5,0.0,12000.0,0.0,750.0
2018-05-29 17:56:17.440763,1023.0,2.5,0.0,12000.0,0.0,750.0
2018-05-29 17:56:17.640240,1023.0,2.5,0.0,12000.0,0.0,750.0
2018-05-29 17:56:17.842725,1023.0,2.5,0.0,12000.0,0.0,750.0
2018-05-29 17:56:18.051224,1023.0,2.5,0.0,12000.0,0.0,750.0
2018-05-29 17:56:18.274760,1023.0,2.5,0.0,12000.0,0.0,750.0
2018-05-29 17:56:18.481254,1023.0,2.5,0.0,12000.0,0.0,750.0
2018-05-29 17:56:18.852142,1023.0,2.5,0.0,12000.0,0.0,750.0
2018-05-29 17:56:19.080689,1023.0,2.5,0.0,12000.0,0.0,750.0
2018-05-29 17:56:19.324272,1023.0,2.5,0.0,12000.0,0.0,750.0
2018-05-29 17:56:19.563846,1023.0,2.5,0.0,12000.0,0.0,750.0
2018-05-29 17:56:19.765328,1023.0,2.5,0.0,12000.0,0.0,750.0
2018-05-29 17:56:19.966811,1023.0,2.5,0.0,12000.0,0.0,750.0
2018-05-29 17:56:20.173305,1023.0,2.5,0.0,12000.0,0.0,750.0
2018-05-29 17:56:20.374788,1023.0,2.5,0.0,12000.0,0.0,750.0
2018-05-29 17:56:20.576270,1023.0,2.5,0.0,12000.0,0.0,750.0
2018-05-29 17:56:20.777752,1023.0,2.5,0.0,12000.0,0.0,750.0
2018-05-29 17:56:20.979235,1023.0,2.5,0.0,12000.0,0.0,750.0
2018-05-29 17:56:21.180717,1023.0,2.5,0.0,12000.0,0.0,750.0
2018-05-29 17:56:21.385207,1023.0,2.5,0.0,12000.0,0.0,750.0
2018-05-29 17:56:21.583682,1023.0,2.5,0.0,12000.0,0.0,750.0
2018-05-29 17:56:21.785164,1023.0,2.5,0.0,12000.0,0.0,750.0
2018-05-29 17:56:21.987649,1023.0,2.5,0.0,12000.0,0.0,750.0
2018-05-29 17:56:22.190134,1023.0,2.5,0.0,12000.0,0.0,750.0
2018-05-29 17:56:22.391616,1023.0,2.5,0.0,12000.0,0.0,750.0
2018-05-29 17:56:22.593099,1023.0,2.5,0.0,12000.0,0.0,750.0
2018-05-29 17:56:22.796586,1023.0,2.5,0.0,12000.0,0.0,750.0
2018-05-29 17:56:22.999071,1023.0,2.5,0.0,12000.0,0.0,750.0
2018-05-29 17:56:23.200553,1023.0,2.5,0.0,12000.0,0.0,750.0
2018-05-29 17:56:23.406045,1023.0,2.5,0.0,12000.0,0.0,750.0
2018-05-29 17:56:23.604520,1023.0,2.5,0.0,12000.0,0.0,750.0
2018-05-29 17:56:23.806003,1023.0,2.5,0.0,12000.0,0.0,750.0
2018-05-29 17:56:24.007485,1023.0,2.5,0.0,12000.0,0.0,750.0
2018-05-29 17:56:24.211975,1023.0,2.5,0.0,12000.0,0.0,750.0
2018-05-29 17:56:24.413457,1023.0,2.5,0.0,12000.0,0.0,750.0
2018-05-29 17:56:24.614940,1023.0,2.5,0.0,12000.0,0.0,750.0
2018-05-29 17:56:24.817424,1023.0,2.5,0.0,12000.0,0.0,750.0
2018-05-29 17:56:25.017904,1023.0,2.5,0.0,12000.0,0.0,750.0
2018-05-29 17:56:25.219387,1023.0,2.5,0.0,12000.0,0.0,750.0
2018-05-29 17:56:25.420869,1023.0,2.5,0.0,12000.0,0.0,750.0
2018-05-29 17:56:25.623354,1023.0,2.5,0.0,12000.0,0.0,750.0
2018-05-29 17:56:25.824836,1023.0,2.5,0.0,12000.0,0.0,750.0
2018-05-29 17:56:26.027321,1023.0,2.5,0.0,12000.0,0.0,750.0
2018-05-29 17:56:26.229806,1023.0,2.5,0.0,12000.0,0.0,750.0
2018-05-29 17:56:26.431288,1023.0,2.5,0.0,12000.0,0.0,750.0
2018-05-29 17:56:26.634776,1023.0,2.5,0.0,12000.0,0.0,750.0
2018-05-29 17:56:26.872344,1023.0,2.5,0.0,12000.0,0.0,750.0
2018-05-29 17:56:27.131966,1023.0,2.5,0.0,12000.0,0.0,750.0
2018-05-29 17:56:27.368532,1023.0,2.5,0.0,12000.0,0.0,750.0
2018-05-29 17:56:27.565003,1023.0,2.5,0.0,12000.0,0.0,750.0
2018-05-29 17:56:27.784528,1023.0,2.5,0.0,12000.0,0.0,750.0
2018-05-29 17:56:27.983004,1023.0,2.5,0.0,12000.0,0.0,750.0
2018-05-29 17:56:28.195512,1023.0,2.5,0.0,12000.0,0.0,750.0
2018-05-29 17:56:28.399000,1023.0,2.5,0.0,12000.0,0.0,750.0
2018-05-29 17:56:28.601484,1023.0,2.5,0.0,12000.0,0.0,750.0
2018-05-29 17:56:28.801964,1023.0,2.5,0.0,12000.0,0.0,750.0
2018-05-29 17:56:29.003447,1023.0,2.5,0.0,12000.0,0.0,750.0
2018-05-29 17:56:29.208939,1023.0,2.5,0.0,12000.0,0.0,750.0
2018-05-29 17:56:29.410421,1023.0,2.5,0.0,12000.0,0.0,750.0
2018-05-29 17:56:29.612906,1023.0,2.5,0.0,12000.0,0.0,750.0
2018-05-29 17:56:29.813386,1023.0,2.5,0.0,12000.0,0.0,750.0
2018-05-29 17:56:30.014868,1023.0,2.5,0.0,12000.0,0.0,750.0
2018-05-29 17:56:30.216351,1023.0,2.5,0.0,12000.0,0.0,750.0
2018-05-29 17:56:30.417833,1023.0,2.5,0.0,12000.0,0.0,750.0
2018-05-29 17:56:30.619316,1023.0,2.5,0.0,12000.0,0.0,750.0
2018-05-29 17:56:30.821800,1023.0,2.5,0.0,12000.0,0.0,750.0
2018-05-29 17:56:31.024285,1023.0,2.5,0.0,12000.0,0.0,750.0
2018-05-29 17:56:31.225768,1023.0,2.5,0.0,12000.0,0.0,750.0
2018-05-29 17:56:31.427250,1023.0,2.5,0.0,12000.0,0.0,750.0
2018-05-29 17:56:31.633744,1023.0,2.5,0.0,12000.0,0.0,750.0
2018-05-29 17:56:31.831217,1023.0,2.5,0.0,12000.0,0.0,750.0
2018-05-29 17:56:32.032700,1023.0,2.5,0.0,12000.0,0.0,750.0
2018-05-29 17:56:32.234182,1023.0,2.5,0.0,12000.0,0.0,750.0
2018-05-29 17:56:32.441679,1023.0,2.5,0.0,12000.0,0.0,750.0
2018-05-29 17:56:32.643161,1023.0,2.5,0.0,12000.0,0.0,750.0
2018-05-29 17:56:32.844644,1023.0,2.5,0.0,12000.0,0.0,750.0
2018-05-29 17:56:33.046126,1023.0,2.5,0.0,12000.0,0.0,750.0
2018-05-29 17:56:33.247608,1023.0,2.5,0.0,12000.0,0.0,750.0
2018-05-29 17:56:33.449091,1023.0,2.5,0.0,12000.0,0.0,750.0
2018-05-29 17:56:33.654583,1023.0,2.5,0.0,12000.0,0.0,750.0
2018-05-29 17:56:33.897164,1023.0,2.5,0.0,12000.0,0.0,750.0
2018-05-29 17:56:34.053538,1023.0,2.5,0.0,12000.0,0.0,750.0
2018-05-29 17:56:34.255020,1023.0,2.5,0.0,12000.0,0.0,750.0
2018-05-29 17:56:34.457505,1023.0,2.5,0.0,12000.0,0.0,750.0
2018-05-29 17:56:34.658988,1023.0,2.5,0.0,12000.0,0.0,750.0
2018-05-29 17:56:34.860470,1023.0,2.5,0.0,12000.0,0.0,750.0
2018-05-29 17:56:35.061952,1023.0,2.5,0.0,12000.0,0.0,750.0
2018-05-29 17:56:35.267444,1023.0,2.5,0.0,12000.0,0.0,750.0
2018-05-29 17:56:35.468927,1023.0,2.5,0.0,12000.0,0.0,750.0
2018-05-29 17:56:35.670409,1023.0,2.5,0.0,12000.0,0.0,750.0
2018-05-29 17:56:35.908980,1023.0,2.5,0.0,12000.0,0.0,750.0
2018-05-29 17:56:36.110463,1023.0,2.5,0.0,12000.0,0.0,750.0
2018-05-29 17:56:36.311945,1023.0,2.5,0.0,12000.0,0.0,750.0
2018-05-29 17:56:36.536483,1023.0,2.5,0.0,12000.0,0.0,750.0
2018-05-29 17:56:36.737965,1023.0,2.5,0.0,12000.0,0.0,750.0
2018-05-29 17:56:36.941452,1023.0,2.5,0.0,12000.0,0.0,750.0
2018-05-29 17:56:37.178019,1023.0,2.5,0.0,12000.0,0.0,750.0
2018-05-29 17:56:37.376494,1023.0,2.5,0.0,12000.0,0.0,750.0
2018-05-29 17:56:37.577976,1023.0,2.5,0.0,12000.0,0.0,750.0
2018-05-29 17:56:37.779459,1023.0,2.5,0.0,12000.0,0.0,750.0
2018-05-29 17:56:37.981944,1023.0,2.5,0.0,12000.0,0.0,750.0
2018-05-29 17:56:38.184428,1023.0,2.5,0.0,12000.0,0.0,750.0
2018-05-29 17:56:38.385911,1023.0,2.5,0.0,12000.0,0.0,750.0
2018-05-29 17:56:38.587393,1023.0,2.5,0.0,12000.0,0.0,750.0
2018-05-29 17:56:38.789878,1023.0,2.5,0.0,12000.0,0.0,750.0
2018-05-29 17:56:38.994368,1023.0,2.5,0.0,12000.0,0.0,750.0
2018-05-29 17:56:39.192843,1023.0,2.5,0.0,12000.0,0.0,750.0
2018-05-29 17:56:39.394325,1023.0,2.5,0.0,12000.0,0.0,750.0
2018-05-29 17:56:39.603827,1023.0,2.5,0.0,12000.0,0.0,750.0
2018-05-29 17:56:39.804307,1023.0,2.5,0.0,12000.0,0.0,750.0
2018-05-29 17:56:40.006792,1023.0,2.5,0.0,12000.0,0.0,750.0
2018-05-29 17:56:40.213286,1023.0,2.5,0.0,12000.0,0.0,750.0
2018-05-29 17:56:40.412764,1023.0,2.5,0.0,12000.0,0.0,750.0
2018-05-29 17:56:40.616251,1023.0,2.5,0.0,12000.0,0.0,750.0
2018-05-29 17:56:40.817733,1023.0,2.5,0.0,12000.0,0.0,750.0
2018-05-29 17:56:41.020218,1023.0,2.5,0.0,12000.0,0.0,750.0
2018-05-29 17:56:41.223705,1023.0,2.5,0.0,12000.0,0.0,750.0
2018-05-29 17:56:41.425188,1023.0,2.5,0.0,12000.0,0.0,750.0
2018-05-29 17:56:41.626670,1023.0,2.5,0.0,12000.0,0.0,750.0
2018-05-29 17:56:41.828152,1023.0,2.5,0.0,12000.0,0.0,750.0
2018-05-29 17:56:42.029635,1023.0,2.5,0.0,12000.0,0.0,750.0
2018-05-29 17:56:42.234124,1023.0,2.5,0.0,12000.0,0.0,750.0
2018-05-29 17:56:42.432600,1023.0,2.5,0.0,12000.0,0.0,750.0
2018-05-29 17:56:42.634082,1023.0,2.5,0.0,12000.0,0.0,750.0
2018-05-29 17:56:42.844586,1023.0,2.5,0.0,12000.0,0.0,750.0
2018-05-29 17:56:43.046068,1023.0,2.5,0.0,12000.0,0.0,750.0
2018-05-29 17:56:43.247551,1023.0,2.5,0.0,12000.0,0.0,750.0
2018-05-29 17:56:43.454045,1023.0,2.5,0.0,12000.0,0.0,750.0
2018-05-29 17:56:43.777820,1023.0,2.5,0.0,12000.0,0.0,750.0
2018-05-29 17:56:44.314104,1023.0,2.5,0.0,12000.0,0.0,750.0
2018-05-29 17:56:44.531625,1023.0,2.5,0.0,12000.0,0.0,750.0
2018-05-29 17:56:44.745136,1023.0,2.5,0.0,12000.0,0.0,750.0
2018-05-29 17:56:44.994734,1023.0,2.5,0.0,12000.0,0.0,750.0
2018-05-29 17:56:45.203233,1023.0,2.5,0.0,12000.0,0.0,750.0
2018-05-29 17:56:45.404716,1023.0,2.5,0.0,12000.0,0.0,750.0
2018-05-29 17:56:45.606198,1023.0,2.5,0.0,12000.0,0.0,750.0
2018-05-29 17:56:45.807680,1023.0,2.5,0.0,12000.0,0.0,750.0
2018-05-29 17:56:46.009163,1023.0,2.5,0.0,12000.0,0.0,750.0
2018-05-29 17:56:46.211648,1023.0,2.5,0.0,12000.0,0.0,750.0
2018-05-29 17:56:46.413130,1023.0,2.5,0.0,12000.0,0.0,750.0
2018-05-29 17:56:46.614612,1023.0,2.5,0.0,12000.0,0.0,750.0
2018-05-29 17:56:46.816095,1023.0,2.5,0.0,12000.0,0.0,750.0
2018-05-29 17:56:47.018580,1023.0,2.5,0.0,12000.0,0.0,750.0
2018-05-29 17:56:47.220062,1023.0,2.5,0.0,12000.0,0.0,750.0
2018-05-29 17:56:47.421544,1023.0,2.5,0.0,12000.0,0.0,750.0
2018-05-29 17:56:47.625032,1023.0,2.5,0.0,12000.0,0.0,750.0
2018-05-29 17:56:47.826514,1023.0,2.5,0.0,12000.0,0.0,750.0
2018-05-29 17:56:48.026994,1023.0,2.5,0.0,12000.0,0.0,750.0
2018-05-29 17:56:48.232486,1023.0,2.5,0.0,12000.0,0.0,750.0
2018-05-29 17:56:48.431964,1023.0,2.5,0.0,12000.0,0.0,750.0
2018-05-29 17:56:48.633446,1023.0,2.5,0.0,12000.0,0.0,750.0
2018-05-29 17:56:48.835931,1023.0,2.5,0.0,12000.0,0.0,750.0
2018-05-29 17:56:49.037413,1023.0,2.5,0.0,12000.0,0.0,750.0
2018-05-29 17:56:49.241903,1023.0,2.5,0.0,12000.0,0.0,750.0
2018-05-29 17:56:49.475462,1023.0,2.5,0.0,12000.0,0.0,750.0
2018-05-29 17:56:49.677947,1023.0,2.5,0.0,12000.0,0.0,750.0
2018-05-29 17:56:49.881434,1023.0,2.5,0.0,12000.0,0.0,750.0
2018-05-29 17:56:50.082916,1023.0,2.5,0.0,12000.0,0.0,750.0
2018-05-29 17:56:50.286404,1023.0,2.5,0.0,12000.0,0.0,750.0
2018-05-29 17:56:50.487886,1023.0,2.5,0.0,12000.0,0.0,750.0
2018-05-29 17:56:50.690371,1023.0,2.5,0.0,12000.0,0.0,750.0
2018-05-29 17:56:50.894860,1023.0,2.5,0.0,12000.0,0.0,750.0
2018-05-29 17:56:51.097345,1023.0,2.5,0.0,12000.0,0.0,750.0
2018-05-29 17:56:51.302837,1023.0,2.5,0.0,12000.0,0.0,750.0
2018-05-29 17:56:51.507327,1023.0,2.5,0.0,12000.0,0.0,750.0
2018-05-29 17:56:51.718833,1023.0,2.5,0.0,12000.0,0.0,750.0
2018-05-29 17:56:51.922320,1023.0,2.5,0.0,12000.0,0.0,750.0
2018-05-29 17:56:52.123803,1023.0,2.5,0.0,12000.0,0.0,750.0
2018-05-29 17:56:52.339319,1023.0,2.5,0.0,12000.0,0.0,750.0
2018-05-29 17:56:52.536792,1023.0,2.5,0.0,12000.0,0.0,750.0
2018-05-29 17:56:52.745291,1023.0,2.5,0.0,12000.0,0.0,750.0
2018-05-29 17:56:52.954792,1023.0,2.5,0.0,12000.0,0.0,750.0
2018-05-29 17:56:53.161287,1023.0,2.5,0.0,12000.0,0.0,750.0
2018-05-29 17:56:53.383820,1023.0,2.5,0.0,12000.0,0.0,750.0
2018-05-29 17:56:53.655470,1023.0,2.5,0.0,12000.0,0.0,750.0
2018-05-29 17:56:53.880008,1023.0,2.5,0.0,12000.0,0.0,750.0
2018-05-29 17:56:54.086502,1023.0,2.5,0.0,12000.0,0.0,750.0
2018-05-29 17:56:54.351136,1023.0,2.5,0.0,12000.0,0.0,750.0
2018-05-29 17:56:54.590709,1023.0,2.5,0.0,12000.0,0.0,750.0
2018-05-29 17:56:54.857348,1023.0,2.5,0.0,12000.0,0.0,750.0
2018-05-29 17:56:55.120979,1023.0,2.5,0.0,12000.0,0.0,750.0
2018-05-29 17:56:55.416687,1023.0,2.5,0.0,12000.0,0.0,750.0
2018-05-29 17:56:55.734448,1023.0,2.5,0.0,12000.0,0.0,750.0
2018-05-29 17:56:55.971014,1023.0,2.5,0.0,12000.0,0.0,750.0
2018-05-29 17:56:56.194549,1023.0,2.5,0.0,12000.0,0.0,750.0
2018-05-29 17:56:56.436128,1023.0,2.5,0.0,12000.0,0.0,750.0
2018-05-29 17:56:56.662670,1023.0,2.5,0.0,12000.0,0.0,750.0
2018-05-29 17:56:56.870167,1023.0,2.5,0.0,12000.0,0.0,750.0
2018-05-29 17:56:57.076661,1023.0,2.5,0.0,12000.0,0.0,750.0
2018-05-29 17:56:57.284158,1023.0,2.5,0.0,12000.0,0.0,750.0
2018-05-29 17:56:57.488648,1023.0,2.5,0.0,12000.0,0.0,750.0
2018-05-29 17:56:57.690130,1023.0,2.5,0.0,12000.0,0.0,750.0
2018-05-29 17:56:57.893617,1023.0,2.5,0.0,12000.0,0.0,750.0
2018-05-29 17:56:58.095100,1023.0,2.5,0.0,12000.0,0.0,750.0
2018-05-29 17:56:58.297584,1023.0,2.5,0.0,12000.0,0.0,750.0
2018-05-29 17:56:58.502074,1023.0,2.5,0.0,12000.0,0.0,750.0
2018-05-29 17:56:58.706564,1023.0,2.5,0.0,12000.0,0.0,750.0
2018-05-29 17:56:58.913058,1023.0,2.5,0.0,12000.0,0.0,750.0
2018-05-29 17:56:59.113538,1023.0,2.5,0.0,12000.0,0.0,750.0
2018-05-29 17:56:59.319030,1023.0,2.5,0.0,12000.0,0.0,750.0
2018-05-29 17:56:59.526527,1023.0,2.5,0.0,12000.0,0.0,750.0
2018-05-29 17:56:59.728917,1023.0,2.5,0.0,12000.0,0.0,750.0
2018-05-29 17:56:59.931079,1023.0,2.5,0.0,12000.0,0.0,750.0
2018-05-29 17:57:00.134241,1023.0,2.5,0.0,12000.0,0.0,750.0
2018-05-29 17:57:00.335402,1023.0,2.5,0.0,12000.0,0.0,750.0
2018-05-29 17:57:00.536563,1023.0,2.5,0.0,12000.0,0.0,750.0
2018-05-29 17:57:00.741727,1023.0,2.5,0.0,12000.0,0.0,750.0
2018-05-29 17:57:00.941887,1023.0,2.5,0.0,12000.0,0.0,750.0
2018-05-29 17:57:01.157059,1023.0,2.5,0.0,12000.0,0.0,750.0
2018-05-29 17:57:01.362223,1023.0,2.5,0.0,12000.0,0.0,750.0
2018-05-29 17:57:01.565385,1023.0,2.5,0.0,12000.0,0.0,750.0
2018-05-29 17:57:01.767547,1023.0,2.5,0.0,12000.0,0.0,750.0
2018-05-29 17:57:01.968708,1023.0,2.5,0.0,12000.0,0.0,750.0
2018-05-29 17:57:02.171870,1023.0,2.5,0.0,12000.0,0.0,750.0
2018-05-29 17:57:02.375032,1023.0,2.5,0.0,12000.0,0.0,750.0
2018-05-29 17:57:02.577194,1023.0,2.5,0.0,12000.0,0.0,750.0
2018-05-29 17:57:02.781357,1023.0,2.5,0.0,12000.0,0.0,750.0
2018-05-29 17:57:02.982518,1023.0,2.5,0.0,12000.0,0.0,750.0
2018-05-29 17:57:03.183679,1023.0,2.5,0.0,12000.0,0.0,750.0
2018-05-29 17:57:03.390844,1023.0,2.5,0.0,12000.0,0.0,750.0
2018-05-29 17:57:03.595008,1023.0,2.5,0.0,12000.0,0.0,750.0
2018-05-29 17:57:03.798170,1023.0,2.5,0.0,12000.0,0.0,750.0
2018-05-29 17:57:04.032357,1023.0,2.5,0.0,12000.0,0.0,750.0
2018-05-29 17:57:04.236520,1023.0,2.5,0.0,12000.0,0.0,750.0
2018-05-29 17:57:04.454695,1023.0,2.5,0.0,12000.0,0.0,750.0
2018-05-29 17:57:04.662861,1023.0,2.5,0.0,12000.0,0.0,750.0
2018-05-29 17:57:04.861020,1023.0,2.5,0.0,12000.0,0.0,750.0
2018-05-29 17:57:05.063181,1023.0,2.5,0.0,12000.0,0.0,750.0
2018-05-29 17:57:05.271348,1023.0,2.5,0.0,12000.0,0.0,750.0
2018-05-29 17:57:05.475511,1023.0,2.5,0.0,12000.0,0.0,750.0
2018-05-29 17:57:05.687680,1023.0,2.5,0.0,12000.0,0.0,750.0
2018-05-29 17:57:05.887840,1023.0,2.5,0.0,12000.0,0.0,750.0
2018-05-29 17:57:06.089001,1023.0,2.5,0.0,12000.0,0.0,750.0
2018-05-29 17:57:06.290162,1023.0,2.5,0.0,12000.0,0.0,750.0
2018-05-29 17:57:06.491323,1023.0,2.5,0.0,12000.0,0.0,750.0
2018-05-29 17:57:06.698488,1023.0,2.5,0.0,12000.0,0.0,750.0
2018-05-29 17:57:06.904653,1023.0,2.5,0.0,12000.0,0.0,750.0
2018-05-29 17:57:07.108816,1023.0,2.5,0.0,12000.0,0.0,750.0
2018-05-29 17:57:07.313980,1023.0,2.5,0.0,12000.0,0.0,750.0
2018-05-29 17:57:07.515141,1023.0,2.5,0.0,12000.0,0.0,750.0
2018-05-29 17:57:07.716302,1023.0,2.5,0.0,12000.0,0.0,750.0
2018-05-29 17:57:07.918464,1023.0,2.5,0.0,12000.0,0.0,750.0
2018-05-29 17:57:08.121626,1023.0,2.5,0.0,12000.0,0.0,750.0
2018-05-29 17:57:08.324788,1023.0,2.5,0.0,12000.0,0.0,750.0
2018-05-29 17:57:08.526950,1023.0,2.5,0.0,12000.0,0.0,750.0
2018-05-29 17:57:08.731113,1023.0,2.5,0.0,12000.0,0.0,750.0
2018-05-29 17:57:08.931273,1023.0,2.5,0.0,12000.0,0.0,750.0
2018-05-29 17:57:09.132434,1023.0,2.5,0.0,12000.0,0.0,750.0
2018-05-29 17:57:09.370624,1023.0,2.5,0.0,12000.0,0.0,750.0
2018-05-29 17:57:09.576789,1023.0,2.5,0.0,12000.0,0.0,750.0
2018-05-29 17:57:09.786957,1023.0,2.5,0.0,12000.0,0.0,750.0
2018-05-29 17:57:10.094203,1023.0,2.5,0.0,12000.0,0.0,750.0
2018-05-29 17:57:10.299367,1023.0,2.5,0.0,12000.0,0.0,750.0
2018-05-29 17:57:10.496524,1023.0,2.5,0.0,12000.0,0.0,750.0
2018-05-29 17:57:10.697685,1023.0,2.5,0.0,12000.0,0.0,750.0
2018-05-29 17:57:10.898846,1023.0,2.5,0.0,12000.0,0.0,750.0
2018-05-29 17:57:11.104010,1023.0,2.5,0.0,12000.0,0.0,750.0
2018-05-29 17:57:11.305171,1023.0,2.5,0.0,12000.0,0.0,750.0
2018-05-29 17:57:11.507332,1023.0,2.5,0.0,12000.0,0.0,750.0
2018-05-29 17:57:11.710495,1023.0,2.5,0.0,12000.0,0.0,750.0
2018-05-29 17:57:11.911656,1023.0,2.5,0.0,12000.0,0.0,750.0
2018-05-29 17:57:12.112816,1023.0,2.5,0.0,12000.0,0.0,750.0
2018-05-29 17:57:12.316980,1023.0,2.5,0.0,12000.0,0.0,750.0
2018-05-29 17:57:12.517140,1023.0,2.5,0.0,12000.0,0.0,750.0
2018-05-29 17:57:12.719301,1023.0,2.5,0.0,12000.0,0.0,750.0
2018-05-29 17:57:12.924465,1023.0,2.5,0.0,12000.0,0.0,750.0
2018-05-29 17:57:13.121623,1023.0,2.5,0.0,12000.0,0.0,750.0
2018-05-29 17:57:13.323784,1023.0,2.5,0.0,12000.0,0.0,750.0
2018-05-29 17:57:13.524945,1023.0,2.5,0.0,12000.0,0.0,750.0
2018-05-29 17:57:13.729108,1023.0,2.5,0.0,12000.0,0.0,750.0
2018-05-29 17:57:13.930269,1023.0,2.5,0.0,12000.0,0.0,750.0
2018-05-29 17:57:14.131430,1023.0,2.5,0.0,12000.0,0.0,750.0
2018-05-29 17:57:14.333592,1023.0,2.5,0.0,12000.0,0.0,750.0
2018-05-29 17:57:14.533752,1023.0,2.5,0.0,12000.0,0.0,750.0
2018-05-29 17:57:14.736914,1023.0,2.5,0.0,12000.0,0.0,750.0
2018-05-29 17:57:14.938075,1023.0,2.5,0.0,12000.0,0.0,750.0
2018-05-29 17:57:15.140236,1023.0,2.5,0.0,12000.0,0.0,750.0
2018-05-29 17:57:15.342398,1023.0,2.5,0.0,12000.0,0.0,750.0
2018-05-29 17:57:15.543559,1023.0,2.5,0.0,12000.0,0.0,750.0
2018-05-29 17:57:15.762734,1023.0,2.5,0.0,12000.0,0.0,750.0
2018-05-29 17:57:15.963895,1023.0,2.5,0.0,12000.0,0.0,750.0
2018-05-29 17:57:16.166056,1023.0,2.5,0.0,12000.0,0.0,750.0
2018-05-29 17:57:16.368218,1023.0,2.5,0.0,12000.0,0.0,750.0
2018-05-29 17:57:16.568378,1023.0,2.5,0.0,12000.0,0.0,750.0
2018-05-29 17:57:16.769539,1023.0,2.5,0.0,12000.0,0.0,750.0
2018-05-29 17:57:16.971700,1023.0,2.5,0.0,12000.0,0.0,750.0
2018-05-29 17:57:17.172861,1023.0,2.5,0.0,12000.0,0.0,750.0
2018-05-29 17:57:17.396040,1023.0,2.5,0.0,12000.0,0.0,750.0
2018-05-29 17:57:17.578185,1023.0,2.5,0.0,12000.0,0.0,750.0
2018-05-29 17:57:17.779346,1023.0,2.5,0.0,12000.0,0.0,750.0
2018-05-29 17:57:17.989514,1023.0,2.5,0.0,12000.0,0.0,750.0
2018-05-29 17:57:18.193677,1023.0,2.5,0.0,12000.0,0.0,750.0
2018-05-29 17:57:18.394838,1023.0,2.5,0.0,12000.0,0.0,750.0
2018-05-29 17:57:18.600002,1023.0,2.5,0.0,12000.0,0.0,750.0
2018-05-29 17:57:18.801163,1023.0,2.5,0.0,12000.0,0.0,750.0
2018-05-29 17:57:19.003324,1023.0,2.5,0.0,12000.0,0.0,750.0
2018-05-29 17:57:19.205486,1023.0,2.5,0.0,12000.0,0.0,750.0
2018-05-29 17:57:19.409649,1023.0,2.5,0.0,12000.0,0.0,750.0
2018-05-29 17:57:19.607808,1023.0,2.5,0.0,12000.0,0.0,750.0
2018-05-29 17:57:19.808968,1023.0,2.5,0.0,12000.0,0.0,750.0
2018-05-29 17:57:20.011130,1023.0,2.5,0.0,12000.0,0.0,750.0
2018-05-29 17:57:20.212291,1023.0,2.5,0.0,12000.0,0.0,750.0
2018-05-29 17:57:20.417455,1023.0,2.5,0.0,12000.0,0.0,750.0
2018-05-29 17:57:20.618616,1023.0,2.5,0.0,12000.0,0.0,750.0
2018-05-29 17:57:20.819776,1023.0,2.5,0.0,12000.0,0.0,750.0
2018-05-29 17:57:21.020937,1023.0,2.5,0.0,12000.0,0.0,750.0
2018-05-29 17:57:21.222098,1023.0,2.5,0.0,12000.0,0.0,750.0
2018-05-29 17:57:21.427262,1023.0,2.5,0.0,12000.0,0.0,750.0
2018-05-29 17:57:21.628423,1023.0,2.5,0.0,12000.0,0.0,750.0
2018-05-29 17:57:21.832586,1023.0,2.5,0.0,12000.0,0.0,750.0
2018-05-29 17:57:22.035748,1023.0,2.5,0.0,12000.0,0.0,750.0
2018-05-29 17:57:22.235908,1023.0,2.5,0.0,12000.0,0.0,750.0
2018-05-29 17:57:22.437069,1023.0,2.5,0.0,12000.0,0.0,750.0
2018-05-29 17:57:22.639231,1023.0,2.5,0.0,12000.0,0.0,750.0
2018-05-29 17:57:22.840392,1023.0,2.5,0.0,12000.0,0.0,750.0
2018-05-29 17:57:23.040552,1023.0,2.5,0.0,12000.0,0.0,750.0
2018-05-29 17:57:23.241712,1023.0,2.5,0.0,12000.0,0.0,750.0
2018-05-29 17:57:23.444875,1023.0,2.5,0.0,12000.0,0.0,750.0
2018-05-29 17:57:23.644034,1023.0,2.5,0.0,12000.0,0.0,750.0
2018-05-29 17:57:23.845195,1023.0,2.5,0.0,12000.0,0.0,750.0
2018-05-29 17:57:24.046356,1023.0,2.5,0.0,12000.0,0.0,750.0
2018-05-29 17:57:24.249518,1023.0,2.5,0.0,12000.0,0.0,750.0
2018-05-29 17:57:24.450679,1023.0,2.5,0.0,12000.0,0.0,750.0
2018-05-29 17:57:24.651840,1023.0,2.5,0.0,12000.0,0.0,750.0
2018-05-29 17:57:24.855002,1023.0,2.5,0.0,12000.0,0.0,750.0
2018-05-29 17:57:25.056163,1023.0,2.5,0.0,12000.0,0.0,750.0
2018-05-29 17:57:25.257324,1023.0,2.5,0.0,12000.0,0.0,750.0
2018-05-29 17:57:25.462488,1023.0,2.5,0.0,12000.0,0.0,750.0
2018-05-29 17:57:25.659645,1023.0,2.5,0.0,12000.0,0.0,750.0
2018-05-29 17:57:25.860806,1023.0,2.5,0.0,12000.0,0.0,750.0
2018-05-29 17:57:26.061967,1023.0,2.5,0.0,12000.0,0.0,750.0
2018-05-29 17:57:26.263128,1023.0,2.5,0.0,12000.0,0.0,750.0
2018-05-29 17:57:26.465289,1023.0,2.5,0.0,12000.0,0.0,750.0
2018-05-29 17:57:26.668452,1023.0,2.5,0.0,12000.0,0.0,750.0
2018-05-29 17:57:26.871614,1023.0,2.5,0.0,12000.0,0.0,750.0
2018-05-29 17:57:27.070773,1023.0,2.5,0.0,12000.0,0.0,750.0
2018-05-29 17:57:27.271934,1023.0,2.5,0.0,12000.0,0.0,750.0
2018-05-29 17:57:27.474096,1023.0,2.5,0.0,12000.0,0.0,750.0
2018-05-29 17:57:27.680260,1023.0,2.5,0.0,12000.0,0.0,750.0
2018-05-29 17:57:27.881421,1023.0,2.5,0.0,12000.0,0.0,750.0
2018-05-29 17:57:28.082582,1023.0,2.5,0.0,12000.0,0.0,750.0
2018-05-29 17:57:28.283743,1023.0,2.5,0.0,12000.0,0.0,750.0
2018-05-29 17:57:28.484904,1023.0,2.5,0.0,12000.0,0.0,750.0
2018-05-29 17:57:28.686064,1023.0,2.5,0.0,12000.0,0.0,750.0
2018-05-29 17:57:28.888226,1023.0,2.5,0.0,12000.0,0.0,750.0
2018-05-29 17:57:29.088386,1023.0,2.5,0.0,12000.0,0.0,750.0
2018-05-29 17:57:29.289547,1023.0,2.5,0.0,12000.0,0.0,750.0
2018-05-29 17:57:29.490708,1023.0,2.5,0.0,12000.0,0.0,750.0
2018-05-29 17:57:29.691868,1023.0,2.5,0.0,12000.0,0.0,750.0
2018-05-29 17:57:29.893029,1023.0,2.5,0.0,12000.0,0.0,750.0
2018-05-29 17:57:30.094190,1023.0,2.5,0.0,12000.0,0.0,750.0
2018-05-29 17:57:30.299354,1023.0,2.5,0.0,12000.0,0.0,750.0
2018-05-29 17:57:30.571572,1023.0,2.5,0.0,12000.0,0.0,750.0
2018-05-29 17:57:30.778737,1023.0,2.5,0.0,12000.0,0.0,750.0
2018-05-29 17:57:30.979898,1023.0,2.5,0.0,12000.0,0.0,750.0
2018-05-29 17:57:31.182060,1023.0,2.5,0.0,12000.0,0.0,750.0
2018-05-29 17:57:31.383220,1023.0,2.5,0.0,12000.0,0.0,750.0
2018-05-29 17:57:31.584381,1023.0,2.5,0.0,12000.0,0.0,750.0
2018-05-29 17:57:31.785542,1023.0,2.5,0.0,12000.0,0.0,750.0
2018-05-29 17:57:31.986703,1023.0,2.5,0.0,12000.0,0.0,750.0
2018-05-29 17:57:32.187864,1023.0,2.5,0.0,12000.0,0.0,750.0
2018-05-29 17:57:32.389024,1023.0,2.5,0.0,12000.0,0.0,750.0
2018-05-29 17:57:32.590185,1023.0,2.5,0.0,12000.0,0.0,750.0
2018-05-29 17:57:32.795349,1023.0,2.5,0.0,12000.0,0.0,750.0
2018-05-29 17:57:32.993508,1023.0,2.5,0.0,12000.0,0.0,750.0
2018-05-29 17:57:33.195669,1023.0,2.5,0.0,12000.0,0.0,750.0
2018-05-29 17:57:33.397831,1023.0,2.5,0.0,12000.0,0.0,750.0
2018-05-29 17:57:33.613003,1023.0,2.5,0.0,12000.0,0.0,750.0
2018-05-29 17:57:33.820168,1023.0,2.5,0.0,12000.0,0.0,750.0
2018-05-29 17:57:34.018327,1023.0,2.5,0.0,12000.0,0.0,750.0
2018-05-29 17:57:34.219488,1023.0,2.5,0.0,12000.0,0.0,750.0
2018-05-29 17:57:34.420648,1023.0,2.5,0.0,12000.0,0.0,750.0
2018-05-29 17:57:34.621809,1023.0,2.5,0.0,12000.0,0.0,750.0
2018-05-29 17:57:34.822970,1023.0,2.5,0.0,12000.0,0.0,750.0
2018-05-29 17:57:35.024131,1023.0,2.5,0.0,12000.0,0.0,750.0
2018-05-29 17:57:35.229295,1023.0,2.5,0.0,12000.0,0.0,750.0
2018-05-29 17:57:35.426452,1023.0,2.5,0.0,12000.0,0.0,750.0
2018-05-29 17:57:35.628614,1023.0,2.5,0.0,12000.0,0.0,750.0
2018-05-29 17:57:35.837781,1023.0,2.5,0.0,12000.0,0.0,750.0
2018-05-29 17:57:36.043946,1023.0,2.5,0.0,12000.0,0.0,750.0
2018-05-29 17:57:36.245107,1023.0,2.5,0.0,12000.0,0.0,750.0
2018-05-29 17:57:36.446268,1023.0,2.5,0.0,12000.0,0.0,750.0
2018-05-29 17:57:36.647428,1023.0,2.5,0.0,12000.0,0.0,750.0
2018-05-29 17:57:36.852592,1023.0,2.5,0.0,12000.0,0.0,750.0
2018-05-29 17:57:37.065763,1023.0,2.5,0.0,12000.0,0.0,750.0
2018-05-29 17:57:37.266924,1023.0,2.5,0.0,12000.0,0.0,750.0
2018-05-29 17:57:37.471087,1023.0,2.5,0.0,12000.0,0.0,750.0
2018-05-29 17:57:37.669245,1023.0,2.5,0.0,12000.0,0.0,750.0
2018-05-29 17:57:37.870406,1023.0,2.5,0.0,12000.0,0.0,750.0
2018-05-29 17:57:38.071567,1023.0,2.5,0.0,12000.0,0.0,750.0
2018-05-29 17:57:38.273728,1023.0,2.5,0.0,12000.0,0.0,750.0
2018-05-29 17:57:38.478892,1023.0,2.5,0.0,12000.0,0.0,750.0
2018-05-29 17:57:38.680053,1023.0,2.5,0.0,12000.0,0.0,750.0
2018-05-29 17:57:38.881214,1023.0,2.5,0.0,12000.0,0.0,750.0
2018-05-29 17:57:39.082375,1023.0,2.5,0.0,12000.0,0.0,750.0
2018-05-29 17:57:39.284536,1023.0,2.5,0.0,12000.0,0.0,750.0
2018-05-29 17:57:39.488700,1023.0,2.5,0.0,12000.0,0.0,750.0
2018-05-29 17:57:39.689860,1023.0,2.5,0.0,12000.0,0.0,750.0
2018-05-29 17:57:39.895024,1023.0,2.5,0.0,12000.0,0.0,750.0
2018-05-29 17:57:40.097186,1023.0,2.5,0.0,12000.0,0.0,750.0
2018-05-29 17:57:40.298347,1023.0,2.5,0.0,12000.0,0.0,750.0
2018-05-29 17:57:40.499508,1023.0,2.5,0.0,12000.0,0.0,750.0
2018-05-29 17:57:40.705672,1023.0,2.5,0.0,12000.0,0.0,750.0
2018-05-29 17:57:40.905832,1023.0,2.5,0.0,12000.0,0.0,750.0
2018-05-29 17:57:41.107994,1023.0,2.5,0.0,12000.0,0.0,750.0
2018-05-29 17:57:41.319163,1023.0,2.5,0.0,12000.0,0.0,750.0
2018-05-29 17:57:41.513318,1023.0,2.5,0.0,12000.0,0.0,750.0
2018-05-29 17:57:41.714479,1023.0,2.5,0.0,12000.0,0.0,750.0
2018-05-29 17:57:41.915640,1023.0,2.5,0.0,12000.0,0.0,750.0
2018-05-29 17:57:42.116800,1023.0,2.5,0.0,12000.0,0.0,750.0
2018-05-29 17:57:42.317961,1023.0,2.5,0.0,12000.0,0.0,750.0
2018-05-29 17:57:42.531132,1023.0,2.5,0.0,12000.0,0.0,750.0
2018-05-29 17:57:42.733293,1023.0,2.5,0.0,12000.0,0.0,750.0
2018-05-29 17:57:42.937456,1023.0,2.5,0.0,12000.0,0.0,750.0
2018-05-29 17:57:43.139618,1023.0,2.5,0.0,12000.0,0.0,750.0
2018-05-29 17:57:43.339778,1023.0,2.5,0.0,12000.0,0.0,750.0
2018-05-29 17:57:43.545943,1023.0,2.5,0.0,12000.0,0.0,750.0
2018-05-29 17:57:43.748104,1023.0,2.5,0.0,12000.0,0.0,750.0
2018-05-29 17:57:43.948264,1023.0,2.5,0.0,12000.0,0.0,750.0
2018-05-29 17:57:44.149425,1023.0,2.5,0.0,12000.0,0.0,750.0
2018-05-29 17:57:44.350586,1023.0,2.5,0.0,12000.0,0.0,750.0
2018-05-29 17:57:44.551747,1023.0,2.5,0.0,12000.0,0.0,750.0
2018-05-29 17:57:44.752908,1023.0,2.5,0.0,12000.0,0.0,750.0
2018-05-29 17:57:44.959072,1023.0,2.5,0.0,12000.0,0.0,750.0
2018-05-29 17:57:45.160233,1023.0,2.5,0.0,12000.0,0.0,750.0
2018-05-29 17:57:45.361394,1023.0,2.5,0.0,12000.0,0.0,750.0
2018-05-29 17:57:45.562555,1023.0,2.5,0.0,12000.0,0.0,750.0
2018-05-29 17:57:45.765717,1023.0,2.5,0.0,12000.0,0.0,750.0
2018-05-29 17:57:45.965877,1023.0,2.5,0.0,12000.0,0.0,750.0
2018-05-29 17:57:46.167038,1023.0,2.5,0.0,12000.0,0.0,750.0
2018-05-29 17:57:46.373203,1023.0,2.5,0.0,12000.0,0.0,750.0
2018-05-29 17:57:46.571361,1023.0,2.5,0.0,12000.0,0.0,750.0
2018-05-29 17:57:46.773523,1023.0,2.5,0.0,12000.0,0.0,750.0
2018-05-29 17:57:46.974684,1023.0,2.5,0.0,12000.0,0.0,750.0
2018-05-29 17:57:47.175844,1023.0,2.5,0.0,12000.0,0.0,750.0
2018-05-29 17:57:47.377005,1023.0,2.5,0.0,12000.0,0.0,750.0
2018-05-29 17:57:47.578166,1023.0,2.5,0.0,12000.0,0.0,750.0
2018-05-29 17:57:47.782329,1023.0,2.5,0.0,12000.0,0.0,750.0
2018-05-29 17:57:47.980488,1023.0,2.5,0.0,12000.0,0.0,750.0
2018-05-29 17:57:48.182649,1023.0,2.5,0.0,12000.0,0.0,750.0
2018-05-29 17:57:48.383810,1023.0,2.5,0.0,12000.0,0.0,750.0
2018-05-29 17:57:48.584971,1023.0,2.5,0.0,12000.0,0.0,750.0
2018-05-29 17:57:48.786132,1023.0,2.5,0.0,12000.0,0.0,750.0
2018-05-29 17:57:48.987292,1023.0,2.5,0.0,12000.0,0.0,750.0
2018-05-29 17:57:49.191456,1023.0,2.5,0.0,12000.0,0.0,750.0
2018-05-29 17:57:49.389614,1023.0,2.5,0.0,12000.0,0.0,750.0
2018-05-29 17:57:49.590775,1023.0,2.5,0.0,12000.0,0.0,750.0
2018-05-29 17:57:49.793937,1023.0,2.5,0.0,12000.0,0.0,750.0
2018-05-29 17:57:49.995098,1023.0,2.5,0.0,12000.0,0.0,750.0
2018-05-29 17:57:50.196259,1023.0,2.5,0.0,12000.0,0.0,750.0
2018-05-29 17:57:50.397420,1023.0,2.5,0.0,12000.0,0.0,750.0
2018-05-29 17:57:50.598580,1023.0,2.5,0.0,12000.0,0.0,750.0
2018-05-29 17:57:50.799741,1023.0,2.5,0.0,12000.0,0.0,750.0
2018-05-29 17:57:51.001903,1023.0,2.5,0.0,12000.0,0.0,750.0
2018-05-29 17:57:51.203064,1023.0,2.5,0.0,12000.0,0.0,750.0
2018-05-29 17:57:51.404224,1023.0,2.5,0.0,12000.0,0.0,750.0
2018-05-29 17:57:51.605385,1023.0,2.5,0.0,12000.0,0.0,750.0
2018-05-29 17:57:51.812551,1023.0,2.5,0.0,12000.0,0.0,750.0
2018-05-29 17:57:52.015713,1023.0,2.5,0.0,12000.0,0.0,750.0
2018-05-29 17:57:52.216874,1023.0,2.5,0.0,12000.0,0.0,750.0
2018-05-29 17:57:52.418035,1023.0,2.5,0.0,12000.0,0.0,750.0
2018-05-29 17:57:52.619196,1023.0,2.5,0.0,12000.0,0.0,750.0
2018-05-29 17:57:52.820356,1023.0,2.5,0.0,12000.0,0.0,750.0
2018-05-29 17:57:53.022518,1023.0,2.5,0.0,12000.0,0.0,750.0
2018-05-29 17:57:53.226681,1023.0,2.5,0.0,12000.0,0.0,750.0
2018-05-29 17:57:53.425840,1023.0,2.5,0.0,12000.0,0.0,750.0
2018-05-29 17:57:53.627001,1023.0,2.5,0.0,12000.0,0.0,750.0
2018-05-29 17:57:53.828162,1023.0,2.5,0.0,12000.0,0.0,750.0
2018-05-29 17:57:54.030324,1023.0,2.5,0.0,12000.0,0.0,750.0
2018-05-29 17:57:54.231484,1023.0,2.5,0.0,12000.0,0.0,750.0
2018-05-29 17:57:54.432645,1023.0,2.5,0.0,12000.0,0.0,750.0
2018-05-29 17:57:54.635808,1023.0,2.5,0.0,12000.0,0.0,750.0
2018-05-29 17:57:54.834967,1023.0,2.5,0.0,12000.0,0.0,750.0
2018-05-29 17:57:55.037128,1023.0,2.5,0.0,12000.0,0.0,750.0
2018-05-29 17:57:55.238289,1023.0,2.5,0.0,12000.0,0.0,750.0
2018-05-29 17:57:55.439450,1023.0,2.5,0.0,12000.0,0.0,750.0
2018-05-29 17:57:55.640611,1023.0,2.5,0.0,12000.0,0.0,750.0
2018-05-29 17:57:55.841772,1023.0,2.5,0.0,12000.0,0.0,750.0
2018-05-29 17:57:56.044934,1023.0,2.5,0.0,12000.0,0.0,750.0
2018-05-29 17:57:56.244093,1023.0,2.5,0.0,12000.0,0.0,750.0
2018-05-29 17:57:56.445254,1023.0,2.5,0.0,12000.0,0.0,750.0
2018-05-29 17:57:56.646415,1023.0,2.5,0.0,12000.0,0.0,750.0
2018-05-29 17:57:56.847576,1023.0,2.5,0.0,12000.0,0.0,750.0
2018-05-29 17:57:57.048736,1023.0,2.5,0.0,12000.0,0.0,750.0
2018-05-29 17:57:57.252900,1023.0,2.5,0.0,12000.0,0.0,750.0
2018-05-29 17:57:57.455061,1023.0,2.5,0.0,12000.0,0.0,750.0
2018-05-29 17:57:57.657223,1023.0,2.5,0.0,12000.0,0.0,750.0
2018-05-29 17:57:57.865389,1023.0,2.5,0.0,12000.0,0.0,750.0
2018-05-29 17:57:58.066550,1023.0,2.5,0.0,12000.0,0.0,750.0
2018-05-29 17:57:58.268712,1023.0,2.5,0.0,12000.0,0.0,750.0
2018-05-29 17:57:58.469872,1023.0,2.5,0.0,12000.0,0.0,750.0
2018-05-29 17:57:58.673035,1023.0,2.5,0.0,12000.0,0.0,750.0
2018-05-29 17:57:58.874196,1023.0,2.5,0.0,12000.0,0.0,750.0
2018-05-29 17:57:59.079360,1023.0,2.5,0.0,12000.0,0.0,750.0
2018-05-29 17:57:59.283523,1023.0,2.5,0.0,12000.0,0.0,750.0
2018-05-29 17:57:59.485684,1023.0,2.5,0.0,12000.0,0.0,750.0
2018-05-29 17:57:59.687846,1023.0,2.5,0.0,12000.0,0.0,750.0
2018-05-29 17:57:59.903018,1023.0,2.5,0.0,12000.0,0.0,750.0
2018-05-29 17:58:00.106180,1023.0,2.5,0.0,12000.0,0.0,750.0
2018-05-29 17:58:00.311344,1023.0,2.5,0.0,12000.0,0.0,750.0
2018-05-29 17:58:00.512505,1023.0,2.5,0.0,12000.0,0.0,750.0
2018-05-29 17:58:00.713666,1023.0,2.5,0.0,12000.0,0.0,750.0
2018-05-29 17:58:00.917829,1023.0,2.5,0.0,12000.0,0.0,750.0
2018-05-29 17:58:01.118990,1023.0,2.5,0.0,12000.0,0.0,750.0
2018-05-29 17:58:01.320151,1023.0,2.5,0.0,12000.0,0.0,750.0
2018-05-29 17:58:01.521312,1023.0,2.5,0.0,12000.0,0.0,750.0
2018-05-29 17:58:01.724474,1023.0,2.5,0.0,12000.0,0.0,750.0
2018-05-29 17:58:01.924634,1023.0,2.5,0.0,12000.0,0.0,750.0
2018-05-29 17:58:02.129798,1023.0,2.5,0.0,12000.0,0.0,750.0
2018-05-29 17:58:02.327956,1023.0,2.5,0.0,12000.0,0.0,750.0
2018-05-29 17:58:02.530118,1023.0,2.5,0.0,12000.0,0.0,750.0
2018-05-29 17:58:02.731279,1023.0,2.5,0.0,12000.0,0.0,750.0
2018-05-29 17:58:02.934441,1023.0,2.5,0.0,12000.0,0.0,750.0
2018-05-29 17:58:03.157620,1023.0,2.5,0.0,12000.0,0.0,750.0
2018-05-29 17:58:03.358780,1023.0,2.5,0.0,12000.0,0.0,750.0
2018-05-29 17:58:03.561943,1023.0,2.5,0.0,12000.0,0.0,750.0
2018-05-29 17:58:03.763104,1023.0,2.5,0.0,12000.0,0.0,750.0
2018-05-29 17:58:03.964264,1023.0,2.5,0.0,12000.0,0.0,750.0
2018-05-29 17:58:04.170429,1023.0,2.5,0.0,12000.0,0.0,750.0
2018-05-29 17:58:04.372591,1023.0,2.5,0.0,12000.0,0.0,750.0
2018-05-29 17:58:04.573752,1023.0,2.5,0.0,12000.0,0.0,750.0
2018-05-29 17:58:04.787923,1023.0,2.5,0.0,12000.0,0.0,750.0
2018-05-29 17:58:05.002094,1023.0,2.5,0.0,12000.0,0.0,750.0
2018-05-29 17:58:05.205256,1023.0,2.5,0.0,12000.0,0.0,750.0
2018-05-29 17:58:05.406417,1023.0,2.5,0.0,12000.0,0.0,750.0
2018-05-29 17:58:05.610580,1023.0,2.5,0.0,12000.0,0.0,750.0
2018-05-29 17:58:05.812742,1023.0,2.5,0.0,12000.0,0.0,750.0
2018-05-29 17:58:06.013903,1023.0,2.5,0.0,12000.0,0.0,750.0
2018-05-29 17:58:06.218066,1023.0,2.5,0.0,12000.0,0.0,750.0
2018-05-29 17:58:06.424231,1023.0,2.5,0.0,12000.0,0.0,750.0
2018-05-29 17:58:06.625392,1023.0,2.5,0.0,12000.0,0.0,750.0
2018-05-29 17:58:06.837561,1023.0,2.5,0.0,12000.0,0.0,750.0
2018-05-29 17:58:07.041724,1023.0,2.5,0.0,12000.0,0.0,750.0
2018-05-29 17:58:07.244887,1023.0,2.5,0.0,12000.0,0.0,750.0
2018-05-29 17:58:07.448049,1023.0,2.5,0.0,12000.0,0.0,750.0
2018-05-29 17:58:07.649210,1023.0,2.5,0.0,12000.0,0.0,750.0
2018-05-29 17:58:07.853373,1023.0,2.5,0.0,12000.0,0.0,750.0
2018-05-29 17:58:08.054534,1023.0,2.5,0.0,12000.0,0.0,750.0
2018-05-29 17:58:08.256696,1023.0,2.5,0.0,12000.0,0.0,750.0
2018-05-29 17:58:08.457856,1023.0,2.5,0.0,12000.0,0.0,750.0
2018-05-29 17:58:08.663020,1023.0,2.5,0.0,12000.0,0.0,750.0
2018-05-29 17:58:08.861179,1023.0,2.5,0.0,12000.0,0.0,750.0
2018-05-29 17:58:09.062340,1023.0,2.5,0.0,12000.0,0.0,750.0
2018-05-29 17:58:09.276511,1023.0,2.5,0.0,12000.0,0.0,750.0
2018-05-29 17:58:09.478672,1023.0,2.5,0.0,12000.0,0.0,750.0
2018-05-29 17:58:09.688840,1023.0,2.5,0.0,12000.0,0.0,750.0
2018-05-29 17:58:09.891002,1023.0,2.5,0.0,12000.0,0.0,750.0
2018-05-29 17:58:10.093164,1023.0,2.5,0.0,12000.0,0.0,750.0
2018-05-29 17:58:10.295325,1023.0,2.5,0.0,12000.0,0.0,750.0
2018-05-29 17:58:10.496486,1023.0,2.5,0.0,12000.0,0.0,750.0
2018-05-29 17:58:10.697647,1023.0,2.5,0.0,12000.0,0.0,750.0
2018-05-29 17:58:10.904812,1023.0,2.5,0.0,12000.0,0.0,750.0
2018-05-29 17:58:11.112979,1023.0,2.5,0.0,12000.0,0.0,750.0
2018-05-29 17:58:11.314140,1023.0,2.5,0.0,12000.0,0.0,750.0
