datetime,IP1,FC1,Volt FC1 ,Vtip,Itip,BV1
2018-05-30 10:24:23.839194,1023.0,0.0,0.0,0.0,0.0,0.0
2018-05-30 10:24:24.044010,1023.0,0.0,0.0,0.0,0.0,0.0
2018-05-30 10:24:24.245828,1023.0,0.0,0.0,0.0,0.0,0.0
2018-05-30 10:24:24.449644,1023.0,0.0,0.0,0.0,0.0,0.0
2018-05-30 10:24:24.650463,1023.0,0.0,0.0,0.0,0.0,0.0
2018-05-30 10:24:24.852281,1023.0,0.0,0.0,0.0,0.0,0.0
2018-05-30 10:24:25.053101,1023.0,0.0,0.0,0.0,0.0,0.0
2018-05-30 10:24:25.262912,1023.0,0.0,0.0,0.0,0.0,0.0
2018-05-30 10:24:25.455738,1023.0,0.0,0.0,0.0,0.0,0.0
2018-05-30 10:24:25.657556,1023.0,0.0,0.0,0.0,0.0,0.0
2018-05-30 10:24:25.858375,1023.0,0.0,0.0,0.0,0.0,0.0
2018-05-30 10:24:26.064190,1023.0,0.0,0.0,0.0,0.0,0.0
2018-05-30 10:24:26.265009,1023.0,0.0,0.0,0.0,0.0,0.0
2018-05-30 10:24:26.465828,1023.0,0.0,0.0,0.0,0.0,0.0
2018-05-30 10:24:26.671643,1023.0,0.0,0.0,0.0,0.0,0.0
2018-05-30 10:24:26.879455,1023.0,0.0,0.0,0.0,0.0,0.0
2018-05-30 10:24:27.089266,1023.0,0.0,0.0,0.0,0.0,0.0
2018-05-30 10:24:27.297079,1023.0,0.0,0.0,0.0,0.0,0.0
2018-05-30 10:24:27.546854,1023.0,0.0,0.0,0.0,0.0,0.0
2018-05-30 10:24:27.708708,1023.0,0.0,0.0,0.0,0.0,0.0
2018-05-30 10:24:27.912525,1023.0,0.0,0.0,0.0,0.0,0.0
2018-05-30 10:24:28.114343,1023.0,0.0,0.0,0.0,0.0,0.0
2018-05-30 10:24:28.315162,1023.0,0.0,0.0,0.0,0.0,0.0
2018-05-30 10:24:28.516980,1023.0,0.0,0.0,0.0,0.0,0.0
2018-05-30 10:24:28.717799,1023.0,0.0,0.0,0.0,0.0,0.0
2018-05-30 10:24:28.918618,1023.0,0.0,0.0,0.0,0.0,0.0
2018-05-30 10:24:29.120437,1023.0,0.0,0.0,0.0,0.0,0.0
2018-05-30 10:24:29.321256,1023.0,0.0,0.0,0.0,0.0,0.0
2018-05-30 10:24:29.523074,1023.0,0.0,0.0,0.0,0.0,0.0
2018-05-30 10:24:29.723893,1023.0,0.0,0.0,0.0,0.0,0.0
2018-05-30 10:24:29.924712,1023.0,0.0,0.0,0.0,0.0,0.0
2018-05-30 10:24:30.127529,1023.0,0.0,0.0,0.0,0.0,0.0
2018-05-30 10:24:30.328349,1023.0,0.0,0.0,0.0,0.0,0.0
2018-05-30 10:24:30.530167,1023.0,0.0,0.0,0.0,0.0,0.0
2018-05-30 10:24:30.731985,1023.0,0.0,0.0,0.0,0.0,0.0
2018-05-30 10:24:30.932804,1023.0,0.0,0.0,0.0,0.0,0.0
2018-05-30 10:24:31.134622,1023.0,0.0,0.0,0.0,0.0,0.0
2018-05-30 10:24:31.336440,1023.0,0.0,0.0,0.0,0.0,0.0
2018-05-30 10:24:31.549249,1023.0,0.0,0.0,0.0,0.0,0.0
2018-05-30 10:24:31.751067,1023.0,0.0,0.0,0.0,0.0,0.0
2018-05-30 10:24:31.951886,1023.0,0.0,0.0,0.0,0.0,0.0
2018-05-30 10:24:32.155702,1023.0,0.0,0.0,0.0,0.0,0.0
2018-05-30 10:24:32.356522,1023.0,0.0,0.0,0.0,0.0,0.0
2018-05-30 10:24:32.557341,1023.0,0.0,0.0,0.0,0.0,0.0
2018-05-30 10:24:32.761157,1023.0,0.0,0.0,0.0,0.0,0.0
2018-05-30 10:24:32.961976,1023.0,0.0,0.0,0.0,0.0,0.0
2018-05-30 10:24:33.163794,1023.0,0.0,0.0,0.0,0.0,0.0
2018-05-30 10:24:33.364613,1023.0,0.0,0.0,0.0,0.0,0.0
2018-05-30 10:24:33.565433,1023.0,0.0,0.0,0.0,0.0,0.0
2018-05-30 10:24:33.767251,1023.0,0.0,0.0,0.0,0.0,0.0
2018-05-30 10:24:33.968070,1023.0,0.0,0.0,0.0,0.0,0.0
2018-05-30 10:24:34.169888,1023.0,0.0,0.0,0.0,0.0,0.0
2018-05-30 10:24:34.370707,1023.0,0.0,0.0,0.0,0.0,0.0
2018-05-30 10:24:34.571526,1023.0,0.0,0.0,0.0,0.0,0.0
2018-05-30 10:24:34.774344,1023.0,0.0,0.0,0.0,0.0,0.0
2018-05-30 10:24:34.975163,1023.0,0.0,0.0,0.0,0.0,0.0
2018-05-30 10:24:35.176981,1023.0,0.0,0.0,0.0,0.0,0.0
2018-05-30 10:24:35.377800,1023.0,0.0,0.0,0.0,0.0,0.0
2018-05-30 10:24:35.579618,1023.0,0.0,0.0,0.0,0.0,0.0
2018-05-30 10:24:35.782435,1023.0,0.0,0.0,0.0,0.0,0.0
2018-05-30 10:24:35.984254,1023.0,0.0,0.0,0.0,0.0,0.0
2018-05-30 10:24:36.186072,1023.0,0.0,0.0,0.0,0.0,0.0
2018-05-30 10:24:36.386891,1023.0,0.0,0.0,0.0,0.0,0.0
2018-05-30 10:24:36.588709,1023.0,0.0,0.0,0.0,0.0,0.0
2018-05-30 10:24:36.790527,1023.0,0.0,0.0,0.0,0.0,0.0
2018-05-30 10:24:36.991346,1023.0,0.0,0.0,0.0,0.0,0.0
2018-05-30 10:24:37.193165,1023.0,0.0,0.0,0.0,0.0,0.0
2018-05-30 10:24:37.393984,1023.0,0.0,0.0,0.0,0.0,0.0
2018-05-30 10:24:37.595802,1023.0,0.0,0.0,0.0,0.0,0.0
2018-05-30 10:24:37.797620,1023.0,0.0,0.0,0.0,0.0,0.0
2018-05-30 10:24:37.998439,1023.0,0.0,0.0,0.0,0.0,0.0
2018-05-30 10:24:38.201257,1023.0,0.0,0.0,0.0,0.0,0.0
2018-05-30 10:24:38.403075,1023.0,0.0,0.0,0.0,0.0,0.0
2018-05-30 10:24:38.603894,1023.0,0.0,0.0,0.0,0.0,0.0
2018-05-30 10:24:38.806711,1023.0,0.0,0.0,0.0,0.0,0.0
2018-05-30 10:24:39.007530,1023.0,0.0,0.0,0.0,0.0,0.0
2018-05-30 10:24:39.209348,1023.0,0.0,0.0,0.0,0.0,0.0
2018-05-30 10:24:39.410168,1023.0,0.0,0.0,0.0,0.0,0.0
2018-05-30 10:24:39.611986,1023.0,0.0,0.0,0.0,0.0,0.0
2018-05-30 10:24:39.813804,1023.0,0.0,0.0,0.0,0.0,0.0
2018-05-30 10:24:40.015622,1023.0,0.0,0.0,0.0,0.0,0.0
2018-05-30 10:24:40.218439,1023.0,0.0,0.0,0.0,0.0,0.0
2018-05-30 10:24:40.419259,1023.0,0.0,0.0,0.0,0.0,0.0
2018-05-30 10:24:40.620078,1023.0,0.0,0.0,0.0,0.0,0.0
2018-05-30 10:24:40.823894,1023.0,0.0,0.0,0.0,0.0,0.0
2018-05-30 10:24:41.023714,1023.0,0.0,0.0,0.0,0.0,0.0
2018-05-30 10:24:41.226531,1023.0,0.0,0.0,0.0,0.0,0.0
2018-05-30 10:24:41.427350,1023.0,0.0,0.0,0.0,0.0,0.0
2018-05-30 10:24:41.634164,1023.0,0.0,0.0,0.0,0.0,0.0
2018-05-30 10:24:41.835982,1023.0,0.0,0.0,0.0,0.0,0.0
2018-05-30 10:24:42.036801,1023.0,0.0,0.0,0.0,0.0,0.0
2018-05-30 10:24:42.239619,1023.0,0.0,0.0,0.0,0.0,0.0
2018-05-30 10:24:42.440438,1023.0,0.0,0.0,0.0,0.0,0.0
2018-05-30 10:24:42.641257,1023.0,0.0,0.0,0.0,0.0,0.0
2018-05-30 10:24:42.844074,1023.0,0.0,0.0,0.0,0.0,0.0
2018-05-30 10:24:43.045892,1023.0,0.0,0.0,0.0,0.0,0.0
2018-05-30 10:24:43.247711,1023.0,0.0,0.0,0.0,0.0,0.0
2018-05-30 10:24:43.448530,1023.0,0.0,0.0,0.0,0.0,0.0
2018-05-30 10:24:43.649349,1023.0,0.0,0.0,0.0,0.0,0.0
2018-05-30 10:24:43.852166,1023.0,0.0,0.0,0.0,0.0,0.0
2018-05-30 10:24:44.052985,1023.0,0.0,0.0,0.0,0.0,0.0
2018-05-30 10:24:44.254803,1023.0,0.0,0.0,0.0,0.0,0.0
2018-05-30 10:24:44.456622,1023.0,0.0,0.0,0.0,0.0,0.0
2018-05-30 10:24:44.657441,1023.0,0.0,0.0,0.0,0.0,0.0
2018-05-30 10:24:44.859259,1023.0,0.0,0.0,0.0,0.0,0.0
2018-05-30 10:24:45.061077,1023.0,0.0,0.0,0.0,0.0,0.0
2018-05-30 10:24:45.263894,1023.0,0.0,0.0,0.0,0.0,0.0
2018-05-30 10:24:45.464714,1023.0,0.0,0.0,0.0,0.0,0.0
2018-05-30 10:24:45.666532,1023.0,0.0,0.0,0.0,0.0,0.0
2018-05-30 10:24:45.867351,1023.0,0.0,0.0,0.0,0.0,0.0
2018-05-30 10:24:46.069169,1023.0,0.0,0.0,0.0,0.0,0.0
2018-05-30 10:24:46.270987,1023.0,0.0,0.0,0.0,0.0,0.0
2018-05-30 10:24:46.472805,1023.0,0.0,0.0,0.0,0.0,0.0
2018-05-30 10:24:46.674624,1023.0,0.0,0.0,0.0,0.0,0.0
2018-05-30 10:24:46.876442,1023.0,0.0,0.0,0.0,0.0,0.0
2018-05-30 10:24:47.078260,1023.0,0.0,0.0,0.0,0.0,0.0
2018-05-30 10:24:47.280078,1023.0,0.0,0.0,0.0,0.0,0.0
2018-05-30 10:24:47.480897,1023.0,0.0,0.0,0.0,0.0,0.0
2018-05-30 10:24:47.681716,1023.0,0.0,0.0,0.0,0.0,0.0
2018-05-30 10:24:47.884534,1023.0,0.0,0.0,0.0,0.0,0.0
2018-05-30 10:24:48.086352,1023.0,0.0,0.0,0.0,0.0,0.0
2018-05-30 10:24:48.288170,1023.0,0.0,0.0,0.0,0.0,0.0
2018-05-30 10:24:48.488989,1023.0,0.0,0.0,0.0,0.0,0.0
2018-05-30 10:24:48.689808,1023.0,0.0,0.0,0.0,0.0,0.0
2018-05-30 10:24:48.891627,1023.0,0.0,0.0,0.0,0.0,0.0
2018-05-30 10:24:49.093445,1023.0,0.0,0.0,0.0,0.0,0.0
2018-05-30 10:24:49.298260,1023.0,0.0,0.0,0.0,0.0,0.0
2018-05-30 10:24:49.499079,1023.0,0.0,0.0,0.0,0.0,0.0
2018-05-30 10:24:49.699898,1023.0,0.0,0.0,0.0,0.0,0.0
2018-05-30 10:24:49.901717,1023.0,0.0,0.0,0.0,0.0,0.0
2018-05-30 10:24:50.102536,1023.0,0.0,0.0,0.0,0.0,0.0
2018-05-30 10:24:50.305353,1023.0,0.0,0.0,0.0,0.0,0.0
2018-05-30 10:24:50.506172,1023.0,0.0,0.0,0.0,0.0,0.0
2018-05-30 10:24:50.706991,1023.0,0.0,0.0,0.0,0.0,0.0
2018-05-30 10:24:50.908809,1023.0,0.0,0.0,0.0,0.0,0.0
2018-05-30 10:24:51.109629,1023.0,0.0,0.0,0.0,0.0,0.0
2018-05-30 10:24:51.311447,1023.0,0.0,0.0,0.0,0.0,0.0
2018-05-30 10:24:51.516262,1023.0,0.0,0.0,0.0,0.0,0.0
2018-05-30 10:24:51.717081,1023.0,0.0,0.0,0.0,0.0,0.0
2018-05-30 10:24:51.919899,1023.0,0.0,0.0,0.0,0.0,0.0
2018-05-30 10:24:52.119719,1023.0,0.0,0.0,0.0,0.0,0.0
2018-05-30 10:24:52.320538,1023.0,0.0,0.0,0.0,0.0,0.0
2018-05-30 10:24:52.524354,1023.0,0.0,0.0,0.0,0.0,0.0
2018-05-30 10:24:52.724174,1023.0,0.0,0.0,0.0,0.0,0.0
2018-05-30 10:24:52.926991,1023.0,0.0,0.0,0.0,0.0,0.0
2018-05-30 10:24:53.127811,1023.0,0.0,0.0,0.0,0.0,0.0
2018-05-30 10:24:53.328630,1023.0,0.0,0.0,0.0,0.0,0.0
2018-05-30 10:24:53.538441,1023.0,0.0,0.0,0.0,0.0,0.0
2018-05-30 10:24:53.739260,1023.0,0.0,0.0,0.0,0.0,0.0
2018-05-30 10:24:53.942077,1023.0,0.0,0.0,0.0,0.0,0.0
2018-05-30 10:24:54.142896,1023.0,0.0,0.0,0.0,0.0,0.0
2018-05-30 10:24:54.343715,1023.0,0.0,0.0,0.0,0.0,0.0
2018-05-30 10:24:54.546533,1023.0,0.0,0.0,0.0,0.0,0.0
2018-05-30 10:24:54.747352,1023.0,0.0,0.0,0.0,0.0,0.0
2018-05-30 10:24:54.951168,1023.0,0.0,0.0,0.0,0.0,0.0
2018-05-30 10:24:55.151987,1023.0,0.0,0.0,0.0,0.0,0.0
2018-05-30 10:24:55.352806,1023.0,0.0,0.0,0.0,0.0,0.0
2018-05-30 10:24:55.554624,1023.0,0.0,0.0,0.0,0.0,0.0
2018-05-30 10:24:55.755444,1023.0,0.0,0.0,0.0,0.0,0.0
2018-05-30 10:24:55.957262,1023.0,0.0,0.0,0.0,0.0,0.0
2018-05-30 10:24:56.158081,1023.0,0.0,0.0,0.0,0.0,0.0
2018-05-30 10:24:56.359899,1023.0,0.0,0.0,0.0,0.0,0.0
2018-05-30 10:24:56.561717,1023.0,0.0,0.0,0.0,0.0,0.0
2018-05-30 10:24:56.762536,1023.0,0.0,0.0,0.0,0.0,0.0
2018-05-30 10:24:56.964355,1023.0,0.0,0.0,0.0,0.0,0.0
2018-05-30 10:24:57.166173,1023.0,0.0,0.0,0.0,0.0,0.0
2018-05-30 10:24:57.369989,1023.0,0.0,0.0,0.0,0.0,0.0
2018-05-30 10:24:57.571807,1023.0,0.0,0.0,0.0,0.0,0.0
2018-05-30 10:24:57.775624,1023.0,0.0,0.0,0.0,0.0,0.0
2018-05-30 10:24:57.977442,1023.0,0.0,0.0,0.0,0.0,0.0
2018-05-30 10:24:58.179260,1023.0,0.0,0.0,0.0,0.0,0.0
2018-05-30 10:24:58.380079,1023.0,0.0,0.0,0.0,0.0,0.0
2018-05-30 10:24:58.581897,1023.0,0.0,0.0,0.0,0.0,0.0
2018-05-30 10:24:58.783716,1023.0,0.0,0.0,0.0,0.0,0.0
2018-05-30 10:24:58.984535,1023.0,0.0,0.0,0.0,0.0,0.0
2018-05-30 10:24:59.185354,1023.0,0.0,0.0,0.0,0.0,0.0
2018-05-30 10:24:59.386173,1023.0,0.0,0.0,0.0,0.0,0.0
2018-05-30 10:24:59.587991,1023.0,0.0,0.0,0.0,0.0,0.0
2018-05-30 10:24:59.788810,1023.0,0.0,0.0,0.0,0.0,0.0
2018-05-30 10:24:59.991628,1023.0,0.0,0.0,0.0,0.0,0.0
2018-05-30 10:25:00.193446,1023.0,0.0,0.0,0.0,0.0,0.0
2018-05-30 10:25:00.394265,1023.0,0.0,0.0,0.0,0.0,0.0
2018-05-30 10:25:00.596083,1023.0,0.0,0.0,0.0,0.0,0.0
2018-05-30 10:25:00.796902,1023.0,0.0,0.0,0.0,0.0,0.0
2018-05-30 10:25:01.000719,1023.0,0.0,0.0,0.0,0.0,0.0
2018-05-30 10:25:01.202537,1023.0,0.0,0.0,0.0,0.0,0.0
2018-05-30 10:25:01.403356,1023.0,0.0,0.0,0.0,0.0,0.0
2018-05-30 10:25:01.615165,1023.0,0.0,0.0,0.0,0.0,0.0
2018-05-30 10:25:01.815984,1023.0,0.0,0.0,0.0,0.0,0.0
2018-05-30 10:25:02.020800,1023.0,0.0,0.0,0.0,0.0,0.0
2018-05-30 10:25:02.221619,1023.0,0.0,0.0,0.0,0.0,0.0
2018-05-30 10:25:02.422438,1023.0,0.0,0.0,0.0,0.0,0.0
2018-05-30 10:25:02.624256,1023.0,0.0,0.0,0.0,0.0,0.0
2018-05-30 10:25:02.825075,1023.0,0.0,0.0,0.0,0.0,0.0
2018-05-30 10:25:03.026893,1023.0,0.0,0.0,0.0,0.0,0.0
2018-05-30 10:25:03.227712,1023.0,0.0,0.0,0.0,0.0,0.0
2018-05-30 10:25:03.429531,1023.0,0.0,0.0,0.0,0.0,0.0
2018-05-30 10:25:03.631349,1023.0,0.0,0.0,0.0,0.0,0.0
2018-05-30 10:25:03.832168,1023.0,0.0,0.0,0.0,0.0,0.0
2018-05-30 10:25:04.034985,1023.0,0.0,0.0,0.0,0.0,0.0
2018-05-30 10:25:04.235804,1023.0,0.0,0.0,0.0,0.0,0.0
2018-05-30 10:25:04.436623,1023.0,0.0,0.0,0.0,0.0,0.0
2018-05-30 10:25:04.638442,1023.0,0.0,0.0,0.0,0.0,0.0
2018-05-30 10:25:04.839261,1023.0,0.0,0.0,0.0,0.0,0.0
2018-05-30 10:25:05.043077,1023.0,0.0,0.0,0.0,0.0,0.0
2018-05-30 10:25:05.243896,1023.0,0.0,0.0,0.0,0.0,0.0
2018-05-30 10:25:05.445714,1023.0,0.0,0.0,0.0,0.0,0.0
2018-05-30 10:25:05.647533,1023.0,0.0,0.0,0.0,0.0,0.0
2018-05-30 10:25:05.849351,1023.0,0.0,0.0,0.0,0.0,0.0
2018-05-30 10:25:06.051169,1023.0,0.0,0.0,0.0,0.0,0.0
2018-05-30 10:25:06.255985,1023.0,0.0,0.0,0.0,0.0,0.0
2018-05-30 10:25:06.457803,1023.0,0.0,0.0,0.0,0.0,0.0
2018-05-30 10:25:06.659621,1023.0,0.0,0.0,0.0,0.0,0.0
2018-05-30 10:25:06.860440,1023.0,0.0,0.0,0.0,0.0,0.0
2018-05-30 10:25:07.065256,1023.0,0.0,0.0,0.0,0.0,0.0
2018-05-30 10:25:07.266075,1023.0,0.0,0.0,0.0,0.0,0.0
2018-05-30 10:25:07.466894,1023.0,0.0,0.0,0.0,0.0,0.0
2018-05-30 10:25:07.668712,1023.0,0.0,0.0,0.0,0.0,0.0
2018-05-30 10:25:07.869531,1023.0,0.0,0.0,0.0,0.0,0.0
2018-05-30 10:25:08.072348,1023.0,0.0,0.0,0.0,0.0,0.0
2018-05-30 10:25:08.274167,1023.0,0.0,0.0,0.0,0.0,0.0
2018-05-30 10:25:08.475985,1023.0,0.0,0.0,0.0,0.0,0.0
2018-05-30 10:25:08.677803,1023.0,0.0,0.0,0.0,0.0,0.0
2018-05-30 10:25:08.878622,1023.0,0.0,0.0,0.0,0.0,0.0
2018-05-30 10:25:09.080440,1023.0,0.0,0.0,0.0,0.0,0.0
2018-05-30 10:25:09.281259,1023.0,0.0,0.0,0.0,0.0,0.0
2018-05-30 10:25:09.482078,1023.0,0.0,0.0,0.0,0.0,0.0
2018-05-30 10:25:09.684896,1023.0,0.0,0.0,0.0,0.0,0.0
2018-05-30 10:25:09.886714,1023.0,0.0,0.0,0.0,0.0,0.0
2018-05-30 10:25:10.088532,1023.0,0.0,0.0,0.0,0.0,0.0
2018-05-30 10:25:10.289351,1023.0,0.0,0.0,0.0,0.0,0.0
2018-05-30 10:25:10.491169,1023.0,0.0,0.0,0.0,0.0,0.0
2018-05-30 10:25:10.693987,1023.0,0.0,0.0,0.0,0.0,0.0
2018-05-30 10:25:10.896804,1023.0,0.0,0.0,0.0,0.0,0.0
2018-05-30 10:25:11.098622,1023.0,0.0,0.0,0.0,0.0,0.0
2018-05-30 10:25:11.299441,1023.0,0.0,0.0,0.0,0.0,0.0
2018-05-30 10:25:11.517245,1023.0,0.0,0.0,0.0,0.0,0.0
2018-05-30 10:25:11.719063,1023.0,0.0,0.0,0.0,0.0,0.0
2018-05-30 10:25:11.919882,1023.0,0.0,0.0,0.0,0.0,0.0
2018-05-30 10:25:12.122700,1023.0,0.0,0.0,0.0,0.0,0.0
2018-05-30 10:25:12.323519,1023.0,0.0,0.0,0.0,0.0,0.0
2018-05-30 10:25:12.524338,1023.0,0.0,0.0,0.0,0.0,0.0
2018-05-30 10:25:12.729153,1023.0,0.0,0.0,0.0,0.0,0.0
2018-05-30 10:25:12.929973,1023.0,0.0,0.0,0.0,0.0,0.0
2018-05-30 10:25:13.131791,1023.0,0.0,0.0,0.0,0.0,0.0
2018-05-30 10:25:13.332610,1023.0,0.0,0.0,0.0,0.0,0.0
2018-05-30 10:25:13.533429,1023.0,0.0,0.0,0.0,0.0,0.0
2018-05-30 10:25:13.735247,1023.0,0.0,0.0,0.0,0.0,0.0
2018-05-30 10:25:13.936066,1023.0,0.0,0.0,0.0,0.0,0.0
2018-05-30 10:25:14.138884,1023.0,0.0,0.0,0.0,0.0,0.0
2018-05-30 10:25:14.339703,1023.0,0.0,0.0,0.0,0.0,0.0
2018-05-30 10:25:14.540522,1023.0,0.0,0.0,0.0,0.0,0.0
2018-05-30 10:25:14.748335,1023.0,0.0,0.0,0.0,0.0,0.0
2018-05-30 10:25:14.949154,1023.0,0.0,0.0,0.0,0.0,0.0
2018-05-30 10:25:15.151971,1023.0,0.0,0.0,0.0,0.0,0.0
2018-05-30 10:25:15.353789,1023.0,0.0,0.0,0.0,0.0,0.0
2018-05-30 10:25:15.554608,1023.0,0.0,0.0,0.0,0.0,0.0
2018-05-30 10:25:15.756426,1023.0,0.0,0.0,0.0,0.0,0.0
2018-05-30 10:25:15.958245,1023.0,0.0,0.0,0.0,0.0,0.0
2018-05-30 10:25:16.160063,1023.0,0.0,0.0,0.0,0.0,0.0
2018-05-30 10:25:16.360882,1023.0,0.0,0.0,0.0,0.0,0.0
2018-05-30 10:25:16.561701,1023.0,0.0,0.0,0.0,0.0,0.0
2018-05-30 10:25:16.763519,1023.0,0.0,0.0,0.0,0.0,0.0
2018-05-30 10:25:16.964338,1023.0,0.0,0.0,0.0,0.0,0.0
2018-05-30 10:25:17.168155,1023.0,0.0,0.0,0.0,0.0,0.0
2018-05-30 10:25:17.367975,1023.0,0.0,0.0,0.0,0.0,0.0
2018-05-30 10:25:17.568794,1023.0,0.0,0.0,0.0,0.0,0.0
2018-05-30 10:25:17.770612,1023.0,0.0,0.0,0.0,0.0,0.0
2018-05-30 10:25:17.971431,1023.0,0.0,0.0,0.0,0.0,0.0
2018-05-30 10:25:18.173249,1023.0,0.0,0.0,0.0,0.0,0.0
2018-05-30 10:25:18.374068,1023.0,0.0,0.0,0.0,0.0,0.0
2018-05-30 10:25:18.574888,1023.0,0.0,0.0,0.0,0.0,0.0
2018-05-30 10:25:18.777705,1023.0,0.0,0.0,0.0,0.0,0.0
2018-05-30 10:25:18.983519,1023.0,0.0,0.0,0.0,0.0,0.0
2018-05-30 10:25:19.186337,1023.0,0.0,0.0,0.0,0.0,0.0
2018-05-30 10:25:19.387156,1023.0,0.0,0.0,0.0,0.0,0.0
2018-05-30 10:25:19.587975,1023.0,0.0,0.0,0.0,0.0,0.0
2018-05-30 10:25:19.789793,1023.0,0.0,0.0,0.0,0.0,0.0
2018-05-30 10:25:19.990612,1023.0,0.0,0.0,0.0,0.0,0.0
2018-05-30 10:25:20.192430,1023.0,0.0,0.0,0.0,0.0,0.0
2018-05-30 10:25:20.393250,1023.0,0.0,0.0,0.0,0.0,0.0
2018-05-30 10:25:20.594069,1023.0,0.0,0.0,0.0,0.0,0.0
2018-05-30 10:25:20.795887,1023.0,0.0,0.0,0.0,0.0,0.0
2018-05-30 10:25:20.997705,1023.0,0.0,0.0,0.0,0.0,0.0
2018-05-30 10:25:21.198524,1023.0,0.0,0.0,0.0,0.0,0.0
2018-05-30 10:25:21.400342,1023.0,0.0,0.0,0.0,0.0,0.0
2018-05-30 10:25:21.602161,1023.0,0.0,0.0,0.0,0.0,0.0
2018-05-30 10:25:21.803979,1023.0,0.0,0.0,0.0,0.0,0.0
2018-05-30 10:25:22.004798,1023.0,0.0,0.0,0.0,0.0,0.0
2018-05-30 10:25:22.205617,1023.0,0.0,0.0,0.0,0.0,0.0
2018-05-30 10:25:22.407435,1023.0,0.0,0.0,0.0,0.0,0.0
2018-05-30 10:25:22.608254,1023.0,0.0,0.0,0.0,0.0,0.0
2018-05-30 10:25:22.810072,1023.0,0.0,0.0,0.0,0.0,0.0
2018-05-30 10:25:23.010892,1023.0,0.0,0.0,0.0,0.0,0.0
2018-05-30 10:25:23.212710,1023.0,0.0,0.0,0.0,0.0,0.0
2018-05-30 10:25:23.414528,1023.0,0.0,0.0,0.0,0.0,0.0
2018-05-30 10:25:23.615347,1023.0,0.0,0.0,0.0,0.0,0.0
2018-05-30 10:25:23.818164,1023.0,0.0,0.0,0.0,0.0,0.0
2018-05-30 10:25:24.019983,1023.0,0.0,0.0,0.0,0.0,0.0
2018-05-30 10:25:24.222800,1023.0,0.0,0.0,0.0,0.0,0.0
2018-05-30 10:25:24.425617,1023.0,0.0,0.0,0.0,0.0,0.0
2018-05-30 10:25:24.627435,1023.0,0.0,0.0,0.0,0.0,0.0
2018-05-30 10:25:24.829254,1023.0,0.0,0.0,0.0,0.0,0.0
2018-05-30 10:25:25.033070,1023.0,0.0,0.0,0.0,0.0,0.0
2018-05-30 10:25:25.234888,1023.0,0.0,0.0,0.0,0.0,0.0
2018-05-30 10:25:25.436706,1023.0,0.0,0.0,0.0,0.0,0.0
2018-05-30 10:25:25.637525,1023.0,0.0,0.0,0.0,0.0,0.0
2018-05-30 10:25:25.839344,1023.0,0.0,0.0,0.0,0.0,0.0
2018-05-30 10:25:26.041162,1023.0,0.0,0.0,0.0,0.0,0.0
2018-05-30 10:25:26.241981,1023.0,0.0,0.0,0.0,0.0,0.0
2018-05-30 10:25:26.443799,1023.0,0.0,0.0,0.0,0.0,0.0
2018-05-30 10:25:26.644618,1023.0,0.0,0.0,0.0,0.0,0.0
2018-05-30 10:25:26.846436,1023.0,0.0,0.0,0.0,0.0,0.0
2018-05-30 10:25:27.047256,1023.0,0.0,0.0,0.0,0.0,0.0
2018-05-30 10:25:27.248075,1023.0,0.0,0.0,0.0,0.0,0.0
2018-05-30 10:25:27.459884,1023.0,0.0,0.0,0.0,0.0,0.0
2018-05-30 10:25:27.661702,1023.0,0.0,0.0,0.0,0.0,0.0
2018-05-30 10:25:27.865518,1023.0,0.0,0.0,0.0,0.0,0.0
2018-05-30 10:25:28.066338,1023.0,0.0,0.0,0.0,0.0,0.0
2018-05-30 10:25:28.267157,1023.0,0.0,0.0,0.0,0.0,0.0
2018-05-30 10:25:28.468975,1023.0,0.0,0.0,0.0,0.0,0.0
2018-05-30 10:25:28.669794,1023.0,0.0,0.0,0.0,0.0,0.0
2018-05-30 10:25:28.873610,1023.0,0.0,0.0,0.0,0.0,0.0
2018-05-30 10:25:29.074429,1023.0,0.0,0.0,0.0,0.0,0.0
2018-05-30 10:25:29.275249,1023.0,0.0,0.0,0.0,0.0,0.0
2018-05-30 10:25:29.477067,1023.0,0.0,0.0,0.0,0.0,0.0
2018-05-30 10:25:29.677886,1023.0,0.0,0.0,0.0,0.0,0.0
2018-05-30 10:25:29.879704,1023.0,0.0,0.0,0.0,0.0,0.0
2018-05-30 10:25:30.080523,1023.0,0.0,0.0,0.0,0.0,0.0
2018-05-30 10:25:30.281342,1023.0,0.0,0.0,0.0,0.0,0.0
2018-05-30 10:25:30.483160,1023.0,0.0,0.0,0.0,0.0,0.0
2018-05-30 10:25:30.683980,1023.0,0.0,0.0,0.0,0.0,0.0
2018-05-30 10:25:30.886797,1023.0,0.0,0.0,0.0,0.0,0.0
2018-05-30 10:25:31.087616,1023.0,0.0,0.0,0.0,0.0,0.0
2018-05-30 10:25:31.288435,1023.0,0.0,0.0,0.0,0.0,0.0
2018-05-30 10:25:31.490253,1023.0,0.0,0.0,0.0,0.0,0.0
2018-05-30 10:25:31.692071,1023.0,0.0,0.0,0.0,0.0,0.0
2018-05-30 10:25:31.894889,1023.0,0.0,0.0,0.0,0.0,0.0
2018-05-30 10:25:32.095708,1023.0,0.0,0.0,0.0,0.0,0.0
2018-05-30 10:25:32.296527,1023.0,0.0,0.0,0.0,0.0,0.0
2018-05-30 10:25:32.499344,1023.0,0.0,0.0,0.0,0.0,0.0
2018-05-30 10:25:32.700163,1023.0,0.0,0.0,0.0,0.0,0.0
2018-05-30 10:25:32.901982,1023.0,0.0,0.0,0.0,0.0,0.0
2018-05-30 10:25:33.102801,1023.0,0.0,0.0,0.0,0.0,0.0
2018-05-30 10:25:33.303620,1023.0,0.0,0.0,0.0,0.0,0.0
2018-05-30 10:25:33.507436,1023.0,0.0,0.0,0.0,0.0,0.0
2018-05-30 10:25:33.708255,1023.0,0.0,0.0,0.0,0.0,0.0
2018-05-30 10:25:33.912072,1023.0,0.0,0.0,0.0,0.0,0.0
2018-05-30 10:25:34.112891,1023.0,0.0,0.0,0.0,0.0,0.0
2018-05-30 10:25:34.313710,1023.0,0.0,0.0,0.0,0.0,0.0
2018-05-30 10:25:34.515528,1023.0,0.0,0.0,0.0,0.0,0.0
2018-05-30 10:25:34.716347,1023.0,0.0,0.0,0.0,0.0,0.0
2018-05-30 10:25:34.919164,1023.0,0.0,0.0,0.0,0.0,0.0
2018-05-30 10:25:35.119984,1023.0,0.0,0.0,0.0,0.0,0.0
2018-05-30 10:25:35.320803,1023.0,0.0,0.0,0.0,0.0,0.0
2018-05-30 10:25:35.523620,1023.0,0.0,0.0,0.0,0.0,0.0
2018-05-30 10:25:35.725438,1023.0,0.0,0.0,0.0,0.0,0.0
2018-05-30 10:25:35.931253,1023.0,0.0,0.0,0.0,0.0,0.0
2018-05-30 10:25:36.132072,1023.0,0.0,0.0,0.0,0.0,0.0
2018-05-30 10:25:36.332891,1023.0,0.0,0.0,0.0,0.0,0.0
2018-05-30 10:25:36.535708,1023.0,0.0,0.0,0.0,0.0,0.0
2018-05-30 10:25:36.736527,1023.0,0.0,0.0,0.0,0.0,0.0
2018-05-30 10:25:36.939345,1023.0,0.0,0.0,0.0,0.0,0.0
2018-05-30 10:25:37.140164,1023.0,0.0,0.0,0.0,0.0,0.0
2018-05-30 10:25:37.340983,1023.0,0.0,0.0,0.0,0.0,0.0
2018-05-30 10:25:37.542801,1023.0,0.0,0.0,0.0,0.0,0.0
2018-05-30 10:25:37.743620,1023.0,0.0,0.0,0.0,0.0,0.0
2018-05-30 10:25:37.948436,1023.0,0.0,0.0,0.0,0.0,0.0
2018-05-30 10:25:38.148256,1023.0,0.0,0.0,0.0,0.0,0.0
2018-05-30 10:25:38.349075,1023.0,0.0,0.0,0.0,0.0,0.0
2018-05-30 10:25:38.550893,1023.0,0.0,0.0,0.0,0.0,0.0
2018-05-30 10:25:38.751712,1023.0,0.0,0.0,0.0,0.0,0.0
2018-05-30 10:25:38.953530,1023.0,0.0,0.0,0.0,0.0,0.0
2018-05-30 10:25:39.155348,1023.0,0.0,0.0,0.0,0.0,0.0
2018-05-30 10:25:39.356168,1023.0,0.0,0.0,0.0,0.0,0.0
2018-05-30 10:25:39.559984,1023.0,0.0,0.0,0.0,0.0,0.0
2018-05-30 10:25:39.760803,1023.0,0.0,0.0,0.0,0.0,0.0
2018-05-30 10:25:39.963620,1023.0,0.0,0.0,0.0,0.0,0.0
2018-05-30 10:25:40.166438,1023.0,0.0,0.0,0.0,0.0,0.0
2018-05-30 10:25:40.368256,1023.0,0.0,0.0,0.0,0.0,0.0
2018-05-30 10:25:40.571073,1023.0,0.0,0.0,0.0,0.0,0.0
2018-05-30 10:25:40.771892,1023.0,0.0,0.0,0.0,0.0,0.0
2018-05-30 10:25:40.973710,1023.0,0.0,0.0,0.0,0.0,0.0
2018-05-30 10:25:41.174530,1023.0,0.0,0.0,0.0,0.0,0.0
2018-05-30 10:25:41.376348,1023.0,0.0,0.0,0.0,0.0,0.0
2018-05-30 10:25:41.584161,1023.0,0.0,0.0,0.0,0.0,0.0
2018-05-30 10:25:41.786978,1023.0,0.0,0.0,0.0,0.0,0.0
2018-05-30 10:25:41.989795,1023.0,0.0,0.0,0.0,0.0,0.0
2018-05-30 10:25:42.190614,1023.0,0.0,0.0,0.0,0.0,0.0
2018-05-30 10:25:42.392432,1023.0,0.0,0.0,0.0,0.0,0.0
2018-05-30 10:25:42.594251,1023.0,0.0,0.0,0.0,0.0,0.0
2018-05-30 10:25:42.795070,1023.0,0.0,0.0,0.0,0.0,0.0
2018-05-30 10:25:42.998886,1023.0,0.0,0.0,0.0,0.0,0.0
2018-05-30 10:25:43.199705,1023.0,0.0,0.0,0.0,0.0,0.0
2018-05-30 10:25:43.402523,1023.0,0.0,0.0,0.0,0.0,0.0
2018-05-30 10:25:43.604341,1023.0,0.0,0.0,0.0,0.0,0.0
2018-05-30 10:25:43.806159,1023.0,0.0,0.0,0.0,0.0,0.0
2018-05-30 10:25:44.007977,1023.0,0.0,0.0,0.0,0.0,0.0
2018-05-30 10:25:44.208796,1023.0,0.0,0.0,0.0,0.0,0.0
2018-05-30 10:25:44.410614,1023.0,0.0,0.0,0.0,0.0,0.0
2018-05-30 10:25:44.612433,1023.0,0.0,0.0,0.0,0.0,0.0
2018-05-30 10:25:44.813252,1023.0,0.0,0.0,0.0,0.0,0.0
2018-05-30 10:25:45.016069,1023.0,0.0,0.0,0.0,0.0,0.0
2018-05-30 10:25:45.220885,1023.0,0.0,0.0,0.0,0.0,0.0
2018-05-30 10:25:45.421704,1023.0,0.0,0.0,0.0,0.0,0.0
2018-05-30 10:25:45.624521,1023.0,0.0,0.0,0.0,0.0,0.0
2018-05-30 10:25:45.825340,1023.0,0.0,0.0,0.0,0.0,0.0
2018-05-30 10:25:46.026159,1023.0,0.0,0.0,0.0,0.0,0.0
2018-05-30 10:25:46.227977,1023.0,0.0,0.0,0.0,0.0,0.0
2018-05-30 10:25:46.430795,1023.0,0.0,0.0,0.0,0.0,0.0
2018-05-30 10:25:46.633612,1023.0,0.0,0.0,0.0,0.0,0.0
2018-05-30 10:25:46.838427,1023.0,0.0,0.0,0.0,0.0,0.0
2018-05-30 10:25:47.048238,1023.0,0.0,0.0,0.0,0.0,0.0
2018-05-30 10:25:47.249058,1023.0,0.0,0.0,0.0,0.0,0.0
2018-05-30 10:25:47.449877,1023.0,0.0,0.0,0.0,0.0,0.0
2018-05-30 10:25:47.651695,1023.0,0.0,0.0,0.0,0.0,0.0
2018-05-30 10:25:47.852514,1023.0,0.0,0.0,0.0,0.0,0.0
2018-05-30 10:25:48.053333,1023.0,0.0,0.0,0.0,0.0,0.0
2018-05-30 10:25:48.258149,1023.0,0.0,0.0,0.0,0.0,0.0
2018-05-30 10:25:48.469958,1023.0,0.0,0.0,0.0,0.0,0.0
2018-05-30 10:25:48.711740,1023.0,0.0,0.0,0.0,0.0,0.0
2018-05-30 10:25:48.916555,1023.0,0.0,0.0,0.0,0.0,0.0
2018-05-30 10:25:49.119373,1023.0,0.0,0.0,0.0,0.0,0.0
2018-05-30 10:25:49.320192,1023.0,0.0,0.0,0.0,0.0,0.0
2018-05-30 10:25:49.521011,1023.0,0.0,0.0,0.0,0.0,0.0
2018-05-30 10:25:49.723828,1023.0,0.0,0.0,0.0,0.0,0.0
2018-05-30 10:25:49.924647,1023.0,0.0,0.0,0.0,0.0,0.0
2018-05-30 10:25:50.128464,1023.0,0.0,0.0,0.0,0.0,0.0
2018-05-30 10:25:50.329283,1023.0,0.0,0.0,0.0,0.0,0.0
2018-05-30 10:25:50.530102,1023.0,0.0,0.0,0.0,0.0,0.0
2018-05-30 10:25:50.732919,1023.0,0.0,0.0,0.0,0.0,0.0
2018-05-30 10:25:50.935737,1023.0,0.0,0.0,0.0,0.0,0.0
2018-05-30 10:25:51.136556,1023.0,0.0,0.0,0.0,0.0,0.0
2018-05-30 10:25:51.337375,1023.0,0.0,0.0,0.0,0.0,0.0
2018-05-30 10:25:51.545188,1023.0,0.0,0.0,0.0,0.0,0.0
2018-05-30 10:25:51.747006,1023.0,0.0,0.0,0.0,0.0,0.0
2018-05-30 10:25:51.949823,1023.0,0.0,0.0,0.0,0.0,0.0
2018-05-30 10:25:52.151641,1023.0,0.0,0.0,0.0,0.0,0.0
2018-05-30 10:25:52.353459,1023.0,0.0,0.0,0.0,0.0,0.0
2018-05-30 10:25:52.554279,1023.0,0.0,0.0,0.0,0.0,0.0
2018-05-30 10:25:52.756097,1023.0,0.0,0.0,0.0,0.0,0.0
2018-05-30 10:25:52.956916,1023.0,0.0,0.0,0.0,0.0,0.0
2018-05-30 10:25:53.159733,1023.0,0.0,0.0,0.0,0.0,0.0
2018-05-30 10:25:53.360552,1023.0,0.0,0.0,0.0,0.0,0.0
2018-05-30 10:25:53.561371,1023.0,0.0,0.0,0.0,0.0,0.0
2018-05-30 10:25:53.763190,1023.0,0.0,0.0,0.0,0.0,0.0
2018-05-30 10:25:53.964009,1023.0,0.0,0.0,0.0,0.0,0.0
2018-05-30 10:25:54.166826,1023.0,0.0,0.0,0.0,0.0,0.0
2018-05-30 10:25:54.367645,1023.0,0.0,0.0,0.0,0.0,0.0
2018-05-30 10:25:54.568464,1023.0,0.0,0.0,0.0,0.0,0.0
2018-05-30 10:25:54.770282,1023.0,0.0,0.0,0.0,0.0,0.0
2018-05-30 10:25:54.971101,1023.0,0.0,0.0,0.0,0.0,0.0
2018-05-30 10:25:55.172920,1023.0,0.0,0.0,0.0,0.0,0.0
2018-05-30 10:25:55.373739,1023.0,0.0,0.0,0.0,0.0,0.0
2018-05-30 10:25:55.575557,1023.0,0.0,0.0,0.0,0.0,0.0
2018-05-30 10:25:55.778374,1023.0,0.0,0.0,0.0,0.0,0.0
2018-05-30 10:25:55.978194,1023.0,0.0,0.0,0.0,0.0,0.0
2018-05-30 10:25:56.183010,1023.0,0.0,0.0,0.0,0.0,0.0
2018-05-30 10:25:56.383829,1023.0,0.0,0.0,0.0,0.0,0.0
2018-05-30 10:25:56.585647,1023.0,0.0,0.0,0.0,0.0,0.0
2018-05-30 10:25:56.787465,1023.0,0.0,0.0,0.0,0.0,0.0
2018-05-30 10:25:56.988284,1023.0,0.0,0.0,0.0,0.0,0.0
2018-05-30 10:25:57.191102,1023.0,0.0,0.0,0.0,0.0,0.0
2018-05-30 10:25:57.391921,1023.0,0.0,0.0,0.0,0.0,0.0
2018-05-30 10:25:57.592740,1023.0,0.0,0.0,0.0,0.0,0.0
2018-05-30 10:25:57.794558,1023.0,0.0,0.0,0.0,0.0,0.0
2018-05-30 10:25:57.996376,1023.0,0.0,0.0,0.0,0.0,0.0
2018-05-30 10:25:58.198194,1023.0,0.0,0.0,0.0,0.0,0.0
2018-05-30 10:25:58.399014,1023.0,0.0,0.0,0.0,0.0,0.0
2018-05-30 10:25:58.599833,1023.0,0.0,0.0,0.0,0.0,0.0
2018-05-30 10:25:58.801651,1023.0,0.0,0.0,0.0,0.0,0.0
2018-05-30 10:25:59.002470,1023.0,0.0,0.0,0.0,0.0,0.0
2018-05-30 10:25:59.204288,1023.0,0.0,0.0,0.0,0.0,0.0
2018-05-30 10:25:59.405107,1023.0,0.0,0.0,0.0,0.0,0.0
2018-05-30 10:25:59.606925,1023.0,0.0,0.0,0.0,0.0,0.0
2018-05-30 10:25:59.808744,1023.0,0.0,0.0,0.0,0.0,0.0
2018-05-30 10:26:00.009563,1023.0,0.0,0.0,0.0,0.0,0.0
2018-05-30 10:26:00.213379,1023.0,0.0,0.0,0.0,0.0,0.0
2018-05-30 10:26:00.415197,1023.0,0.0,0.0,0.0,0.0,0.0
2018-05-30 10:26:00.618015,1023.0,0.0,0.0,0.0,0.0,0.0
2018-05-30 10:26:00.818834,1023.0,0.0,0.0,0.0,0.0,0.0
2018-05-30 10:26:01.019653,1023.0,0.0,0.0,0.0,0.0,0.0
2018-05-30 10:26:01.220472,1023.0,0.0,0.0,0.0,0.0,0.0
2018-05-30 10:26:01.450265,1023.0,0.0,0.0,0.0,0.0,0.0
2018-05-30 10:26:01.650085,1023.0,0.0,0.0,0.0,0.0,0.0
2018-05-30 10:26:01.851903,1023.0,0.0,0.0,0.0,0.0,0.0
2018-05-30 10:26:02.055720,1023.0,0.0,0.0,0.0,0.0,0.0
2018-05-30 10:26:02.254540,1023.0,0.0,0.0,0.0,0.0,0.0
2018-05-30 10:26:02.455360,1023.0,0.0,0.0,0.0,0.0,0.0
2018-05-30 10:26:02.656179,1023.0,0.0,0.0,0.0,0.0,0.0
2018-05-30 10:26:02.858996,1023.0,0.0,0.0,0.0,0.0,0.0
2018-05-30 10:26:03.059815,1023.0,0.0,0.0,0.0,0.0,0.0
2018-05-30 10:26:03.261633,1023.0,0.0,0.0,0.0,0.0,0.0
2018-05-30 10:26:03.462452,1023.0,0.0,0.0,0.0,0.0,0.0
2018-05-30 10:26:03.663271,1023.0,0.0,0.0,0.0,0.0,0.0
2018-05-30 10:26:03.865090,1023.0,0.0,0.0,0.0,0.0,0.0
2018-05-30 10:26:04.065909,1023.0,0.0,0.0,0.0,0.0,0.0
2018-05-30 10:26:04.267727,1023.0,0.0,0.0,0.0,0.0,0.0
2018-05-30 10:26:04.469545,1023.0,0.0,0.0,0.0,0.0,0.0
2018-05-30 10:26:04.671363,1023.0,0.0,0.0,0.0,0.0,0.0
2018-05-30 10:26:04.873182,1023.0,0.0,0.0,0.0,0.0,0.0
2018-05-30 10:26:05.074001,1023.0,0.0,0.0,0.0,0.0,0.0
2018-05-30 10:26:05.274820,1023.0,0.0,0.0,0.0,0.0,0.0
2018-05-30 10:26:05.477637,1023.0,0.0,0.0,0.0,0.0,0.0
2018-05-30 10:26:05.679455,1023.0,0.0,0.0,0.0,0.0,0.0
2018-05-30 10:26:05.881273,1023.0,0.0,0.0,0.0,0.0,0.0
2018-05-30 10:26:06.082093,1023.0,0.0,0.0,0.0,0.0,0.0
2018-05-30 10:26:06.282912,1023.0,0.0,0.0,0.0,0.0,0.0
2018-05-30 10:26:06.484730,1023.0,0.0,0.0,0.0,0.0,0.0
2018-05-30 10:26:06.685549,1023.0,0.0,0.0,0.0,0.0,0.0
2018-05-30 10:26:06.887367,1023.0,0.0,0.0,0.0,0.0,0.0
2018-05-30 10:26:07.088186,1023.0,0.0,0.0,0.0,0.0,0.0
2018-05-30 10:26:07.290004,1023.0,0.0,0.0,0.0,0.0,0.0
2018-05-30 10:26:07.491823,1023.0,0.0,0.0,0.0,0.0,0.0
2018-05-30 10:26:07.692642,1023.0,0.0,0.0,0.0,0.0,0.0
2018-05-30 10:26:07.894460,1023.0,0.0,0.0,0.0,0.0,0.0
2018-05-30 10:26:08.095279,1023.0,0.0,0.0,0.0,0.0,0.0
2018-05-30 10:26:08.299095,1023.0,0.0,0.0,0.0,0.0,0.0
2018-05-30 10:26:08.500914,1023.0,0.0,0.0,0.0,0.0,0.0
2018-05-30 10:26:08.701733,1023.0,0.0,0.0,0.0,0.0,0.0
2018-05-30 10:26:08.903551,1023.0,0.0,0.0,0.0,0.0,0.0
2018-05-30 10:26:09.104370,1023.0,0.0,0.0,0.0,0.0,0.0
2018-05-30 10:26:09.305189,1023.0,0.0,0.0,0.0,0.0,0.0
2018-05-30 10:26:09.507007,1023.0,0.0,0.0,0.0,0.0,0.0
2018-05-30 10:26:09.708826,1023.0,0.0,0.0,0.0,0.0,0.0
2018-05-30 10:26:09.912642,1023.0,0.0,0.0,0.0,0.0,0.0
2018-05-30 10:26:10.113461,1023.0,0.0,0.0,0.0,0.0,0.0
2018-05-30 10:26:10.316278,1023.0,0.0,0.0,0.0,0.0,0.0
2018-05-30 10:26:10.522093,1023.0,0.0,0.0,0.0,0.0,0.0
2018-05-30 10:26:10.725909,1023.0,0.0,0.0,0.0,0.0,0.0
2018-05-30 10:26:10.930725,1023.0,0.0,0.0,0.0,0.0,0.0
2018-05-30 10:26:11.134541,1023.0,0.0,0.0,0.0,0.0,0.0
2018-05-30 10:26:11.339357,1023.0,0.0,0.0,0.0,0.0,0.0
2018-05-30 10:26:11.545171,1023.0,0.0,0.0,0.0,0.0,0.0
2018-05-30 10:26:11.793947,1023.0,0.0,0.0,0.0,0.0,0.0
2018-05-30 10:26:11.995765,1023.0,0.0,0.0,0.0,0.0,0.0
2018-05-30 10:26:12.196585,1023.0,0.0,0.0,0.0,0.0,0.0
2018-05-30 10:26:12.398403,1023.0,0.0,0.0,0.0,0.0,0.0
2018-05-30 10:26:12.599222,1023.0,0.0,0.0,0.0,0.0,0.0
2018-05-30 10:26:12.800041,1023.0,0.0,0.0,0.0,0.0,0.0
2018-05-30 10:26:13.001859,1023.0,0.0,0.0,0.0,0.0,0.0
2018-05-30 10:26:13.202678,1023.0,0.0,0.0,0.0,0.0,0.0
2018-05-30 10:26:13.404496,1023.0,0.0,0.0,0.0,0.0,0.0
2018-05-30 10:26:13.606315,1023.0,0.0,0.0,0.0,0.0,0.0
2018-05-30 10:26:13.807134,1023.0,0.0,0.0,0.0,0.0,0.0
2018-05-30 10:26:14.008952,1023.0,0.0,0.0,0.0,0.0,0.0
2018-05-30 10:26:14.212768,1023.0,0.0,0.0,0.0,0.0,0.0
2018-05-30 10:26:14.415586,1023.0,0.0,0.0,0.0,0.0,0.0
2018-05-30 10:26:14.616405,1023.0,0.0,0.0,0.0,0.0,0.0
2018-05-30 10:26:14.817224,1023.0,0.0,0.0,0.0,0.0,0.0
2018-05-30 10:26:15.020041,1023.0,0.0,0.0,0.0,0.0,0.0
2018-05-30 10:26:15.220860,1023.0,0.0,0.0,0.0,0.0,0.0
2018-05-30 10:26:15.460644,1023.0,0.0,0.0,0.0,0.0,0.0
2018-05-30 10:26:15.626495,1023.0,0.0,0.0,0.0,0.0,0.0
2018-05-30 10:26:15.828313,1023.0,0.0,0.0,0.0,0.0,0.0
2018-05-30 10:26:16.029132,1023.0,0.0,0.0,0.0,0.0,0.0
2018-05-30 10:26:16.229951,1023.0,0.0,0.0,0.0,0.0,0.0
2018-05-30 10:26:16.432769,1023.0,0.0,0.0,0.0,0.0,0.0
2018-05-30 10:26:16.633588,1023.0,0.0,0.0,0.0,0.0,0.0
2018-05-30 10:26:16.843399,1023.0,0.0,0.0,0.0,0.0,0.0
2018-05-30 10:26:17.044218,1023.0,0.0,0.0,0.0,0.0,0.0
2018-05-30 10:26:17.246036,1023.0,0.0,0.0,0.0,0.0,0.0
2018-05-30 10:26:17.446855,1023.0,0.0,0.0,0.0,0.0,0.0
2018-05-30 10:26:17.647674,1023.0,0.0,0.0,0.0,0.0,0.0
2018-05-30 10:26:17.850491,1023.0,0.0,0.0,0.0,0.0,0.0
2018-05-30 10:26:18.051311,1023.0,0.0,0.0,0.0,0.0,0.0
2018-05-30 10:26:18.253129,1023.0,0.0,0.0,0.0,0.0,0.0
2018-05-30 10:26:18.453948,1023.0,0.0,0.0,0.0,0.0,0.0
2018-05-30 10:26:18.654767,1023.0,0.1,0.0,0.0,0.0,0.0
2018-05-30 10:26:18.856585,1023.0,0.1,0.0,0.0,0.0,0.0
2018-05-30 10:26:19.057404,1023.0,0.1,0.0,0.0,0.0,0.0
2018-05-30 10:26:19.260222,1023.0,0.1,0.0,0.0,0.0,0.0
2018-05-30 10:26:19.461041,1023.0,0.1,0.0,0.0,0.0,0.0
2018-05-30 10:26:19.661860,1023.0,0.2,0.0,0.0,0.0,0.0
2018-05-30 10:26:19.863678,1023.0,0.2,0.0,0.0,0.0,0.0
2018-05-30 10:26:20.064497,1023.0,0.2,0.0,0.0,0.0,0.0
2018-05-30 10:26:20.266315,1023.0,0.2,0.0,0.0,0.0,0.0
2018-05-30 10:26:20.467134,1023.0,0.2,0.0,0.0,0.0,0.0
2018-05-30 10:26:20.667953,1023.0,0.30000000000000004,0.0,0.0,0.0,0.0
2018-05-30 10:26:20.870771,1023.0,0.30000000000000004,0.0,0.0,0.0,0.0
2018-05-30 10:26:21.071590,1023.0,0.30000000000000004,0.0,0.0,0.0,0.0
2018-05-30 10:26:21.274407,1023.0,0.30000000000000004,0.0,0.0,0.0,0.0
2018-05-30 10:26:21.488215,1023.0,0.30000000000000004,0.0,0.0,0.0,0.0
2018-05-30 10:26:21.689034,1023.0,0.4,0.0,0.0,0.0,0.0
2018-05-30 10:26:21.890852,1023.0,0.4,0.0,0.0,0.0,0.0
2018-05-30 10:26:22.091671,1023.0,0.4,0.0,0.0,0.0,0.0
2018-05-30 10:26:22.293489,1023.0,0.4,0.0,0.0,0.0,0.0
2018-05-30 10:26:22.494308,1023.0,0.4,0.0,0.0,0.0,0.0
2018-05-30 10:26:22.698125,1023.0,0.5,0.0,0.0,0.0,0.0
2018-05-30 10:26:22.899943,1023.0,0.5,0.0,0.0,0.0,0.0
2018-05-30 10:26:23.100762,1023.0,0.5,0.0,0.0,0.0,0.0
2018-05-30 10:26:23.302580,1023.0,0.5,0.0,0.0,0.0,0.0
2018-05-30 10:26:23.504398,1023.0,0.5,0.0,0.0,0.0,0.0
2018-05-30 10:26:23.704218,1023.0,0.6,0.0,0.0,0.0,0.0
2018-05-30 10:26:23.907036,1023.0,0.6,0.0,0.0,0.0,0.0
2018-05-30 10:26:24.107855,1023.0,0.6,0.0,0.0,0.0,0.0
2018-05-30 10:26:24.309673,1023.0,0.6,0.0,0.0,0.0,0.0
2018-05-30 10:26:24.511491,1023.0,0.6,0.0,0.0,0.0,0.0
2018-05-30 10:26:24.711311,1023.0,0.7,0.0,0.0,0.0,0.0
2018-05-30 10:26:24.913129,1023.0,0.7,0.0,0.0,0.0,0.0
2018-05-30 10:26:25.113948,1023.0,0.7,0.0,0.0,0.0,0.0
2018-05-30 10:26:25.316766,1023.0,0.7,0.0,0.0,0.0,0.0
2018-05-30 10:26:25.517585,1023.0,0.7,0.0,0.0,0.0,0.0
2018-05-30 10:26:25.718404,1023.0,0.7999999999999999,0.0,0.0,0.0,0.0
2018-05-30 10:26:25.920222,1023.0,0.7999999999999999,0.0,0.0,0.0,0.0
2018-05-30 10:26:26.121041,1023.0,0.7999999999999999,0.0,0.0,0.0,0.0
2018-05-30 10:26:26.322859,1023.0,0.7999999999999999,0.0,0.0,0.0,0.0
2018-05-30 10:26:26.524678,1023.0,0.7999999999999999,0.0,0.0,0.0,0.0
2018-05-30 10:26:26.724498,1023.0,0.8999999999999999,0.0,0.0,0.0,0.0
2018-05-30 10:26:26.927315,1023.0,0.8999999999999999,0.0,0.0,0.0,0.0
2018-05-30 10:26:27.128134,1023.0,0.8999999999999999,0.0,0.0,0.0,0.0
2018-05-30 10:26:27.328953,1023.0,0.8999999999999999,0.0,0.0,0.0,0.0
2018-05-30 10:26:27.530771,1023.0,0.8999999999999999,0.0,0.0,0.0,0.0
2018-05-30 10:26:27.731590,1023.0,0.9999999999999999,0.0,0.0,0.0,0.0
2018-05-30 10:26:27.933409,1023.0,0.9999999999999999,0.0,0.0,0.0,0.0
2018-05-30 10:26:28.135227,1023.0,0.9999999999999999,0.0,0.0,0.0,0.0
2018-05-30 10:26:28.336046,1023.0,0.9999999999999999,0.0,0.0,0.0,0.0
2018-05-30 10:26:28.537864,1023.0,0.9999999999999999,0.0,0.0,0.0,0.0
2018-05-30 10:26:28.738683,1023.0,1.0999999999999999,0.0,0.0,0.0,0.0
2018-05-30 10:26:28.940501,1023.0,1.0999999999999999,0.0,0.0,0.0,0.0
2018-05-30 10:26:29.141321,1023.0,1.0999999999999999,0.0,0.0,0.0,0.0
2018-05-30 10:26:29.342140,1023.0,1.0999999999999999,0.0,0.0,0.0,0.0
2018-05-30 10:26:29.544957,1023.0,1.2,0.0,0.0,0.0,0.0
2018-05-30 10:26:29.745776,1023.0,1.2,0.0,0.0,0.0,0.0
2018-05-30 10:26:29.947594,1023.0,1.2,0.0,0.0,0.0,0.0
2018-05-30 10:26:30.148413,1023.0,1.2,0.0,0.0,0.0,0.0
2018-05-30 10:26:30.350232,1023.0,1.2,0.0,0.0,0.0,0.0
2018-05-30 10:26:30.554048,1023.0,1.3,0.0,0.0,0.0,0.0
2018-05-30 10:26:30.753868,1023.0,1.3,0.0,0.0,0.0,0.0
2018-05-30 10:26:30.955686,1023.0,1.3,0.0,0.0,0.0,0.0
2018-05-30 10:26:31.162500,1023.0,1.3,0.0,0.0,0.0,0.0
2018-05-30 10:26:31.362320,1023.0,1.3,0.0,0.0,0.0,0.0
2018-05-30 10:26:31.577126,1023.0,1.4000000000000001,0.0,0.0,0.0,0.0
2018-05-30 10:26:31.776946,1023.0,1.4000000000000001,0.0,0.0,0.0,0.0
2018-05-30 10:26:31.978765,1023.0,1.4000000000000001,0.0,0.0,0.0,0.0
2018-05-30 10:26:32.179584,1023.0,1.4000000000000001,0.0,0.0,0.0,0.0
2018-05-30 10:26:32.381402,1023.0,1.4000000000000001,0.0,0.0,0.0,0.0
2018-05-30 10:26:32.585218,1023.0,1.5000000000000002,0.0,0.0,0.0,0.0
2018-05-30 10:26:32.786037,1023.0,1.5000000000000002,0.0,0.0,0.0,0.0
2018-05-30 10:26:32.987856,1023.0,1.5000000000000002,0.0,0.0,0.0,0.0
2018-05-30 10:26:33.188675,1023.0,1.5000000000000002,0.0,0.0,0.0,0.0
2018-05-30 10:26:33.391492,1023.0,1.5000000000000002,0.0,0.0,0.0,0.0
2018-05-30 10:26:33.593310,1023.0,1.6000000000000003,0.0,0.0,0.0,0.0
2018-05-30 10:26:33.794129,1023.0,1.6000000000000003,0.0,0.0,0.0,0.0
2018-05-30 10:26:33.996947,1023.0,1.6000000000000003,0.0,0.0,0.0,0.0
2018-05-30 10:26:34.198765,1023.0,1.6000000000000003,0.0,0.0,0.0,0.0
2018-05-30 10:26:34.398585,1023.0,1.6000000000000003,0.0,0.0,0.0,0.0
2018-05-30 10:26:34.600403,1023.0,1.7000000000000004,0.0,0.0,0.0,0.0
2018-05-30 10:26:34.801222,1023.0,1.7000000000000004,0.0,0.0,0.0,0.0
2018-05-30 10:26:35.003040,1023.0,1.7000000000000004,0.0,0.0,0.0,0.0
2018-05-30 10:26:35.203859,1023.0,1.7000000000000004,0.0,0.0,0.0,0.0
2018-05-30 10:26:35.407676,1023.0,1.7000000000000004,0.0,0.0,0.0,0.0
2018-05-30 10:26:35.609494,1023.0,1.8000000000000005,0.0,0.0,0.0,0.0
2018-05-30 10:26:35.811312,1023.0,1.8000000000000005,0.0,0.0,0.0,0.0
2018-05-30 10:26:36.013130,1023.0,1.8000000000000005,0.0,0.0,0.0,0.0
2018-05-30 10:26:36.213949,1023.0,1.8000000000000005,0.0,0.0,0.0,0.0
2018-05-30 10:26:36.415768,1023.0,1.8000000000000005,0.0,0.0,0.0,0.0
2018-05-30 10:26:36.617586,1023.0,1.9000000000000006,0.0,0.0,0.0,0.0
2018-05-30 10:26:36.820403,1023.0,1.9000000000000006,0.0,0.0,0.0,0.0
2018-05-30 10:26:37.020223,1023.0,1.9000000000000006,0.0,0.0,0.0,0.0
2018-05-30 10:26:37.221042,1023.0,1.9000000000000006,0.0,0.0,0.0,0.0
2018-05-30 10:26:37.421861,1023.0,1.9000000000000006,0.0,0.0,0.0,0.0
2018-05-30 10:26:37.624679,1023.0,2.0,0.0,0.0,0.0,0.0
2018-05-30 10:26:37.825498,1023.0,2.0,0.0,0.0,0.0,0.0
2018-05-30 10:26:38.027316,1023.0,2.0,0.0,0.0,0.0,0.0
2018-05-30 10:26:38.228135,1023.0,2.0,0.0,0.0,0.0,0.0
2018-05-30 10:26:38.428954,1023.0,2.0,0.0,0.0,0.0,0.0
2018-05-30 10:26:38.630772,1023.0,2.02,0.0,0.0,0.0,0.0
2018-05-30 10:26:38.831591,1023.0,2.02,0.0,0.0,0.0,0.0
2018-05-30 10:26:39.033410,1023.0,2.02,0.0,0.0,0.0,0.0
2018-05-30 10:26:39.234229,1023.0,2.02,0.0,0.0,0.0,0.0
2018-05-30 10:26:39.435048,1023.0,2.02,0.0,0.0,0.0,0.0
2018-05-30 10:26:39.641862,1023.0,2.04,0.0,0.0,0.0,0.0
2018-05-30 10:26:39.842681,1023.0,2.04,0.0,0.0,0.0,0.0
2018-05-30 10:26:40.046497,1023.0,2.04,0.0,0.0,0.0,0.0
2018-05-30 10:26:40.248315,1023.0,2.04,0.0,0.0,0.0,0.0
2018-05-30 10:26:40.449134,1023.0,2.04,0.0,0.0,0.0,0.0
2018-05-30 10:26:40.650953,1023.0,2.06,0.0,0.0,0.0,0.0
2018-05-30 10:26:40.851772,1023.0,2.06,0.0,0.0,0.0,0.0
2018-05-30 10:26:41.055588,1023.0,2.06,0.0,0.0,0.0,0.0
2018-05-30 10:26:41.257406,1023.0,2.06,0.0,0.0,0.0,0.0
2018-05-30 10:26:41.467217,1023.0,2.06,0.0,0.0,0.0,0.0
2018-05-30 10:26:41.670035,1023.0,2.08,0.0,0.0,0.0,0.0
2018-05-30 10:26:41.870854,1023.0,2.08,0.0,0.0,0.0,0.0
2018-05-30 10:26:42.072672,1023.0,2.08,0.0,0.0,0.0,0.0
2018-05-30 10:26:42.273491,1023.0,2.08,0.0,0.0,0.0,0.0
2018-05-30 10:26:42.474310,1023.0,2.08,0.0,0.0,0.0,0.0
2018-05-30 10:26:42.677127,1023.0,2.1,0.0,0.0,0.0,0.0
2018-05-30 10:26:42.876947,1023.0,2.1,0.0,0.0,0.0,0.0
2018-05-30 10:26:43.079765,1023.0,2.1,0.0,0.0,0.0,0.0
2018-05-30 10:26:43.279585,1023.0,2.1,0.0,0.0,0.0,0.0
2018-05-30 10:26:43.480404,1023.0,2.1,0.0,0.0,0.0,0.0
2018-05-30 10:26:43.682222,1023.0,2.12,0.0,0.0,0.0,0.0
2018-05-30 10:26:43.887037,1023.0,2.12,0.0,0.0,0.0,0.0
2018-05-30 10:26:44.089855,1023.0,2.12,0.0,0.0,0.0,0.0
2018-05-30 10:26:44.290674,1023.0,2.12,0.0,0.0,0.0,0.0
2018-05-30 10:26:44.491493,1023.0,2.12,0.0,0.0,0.0,0.0
2018-05-30 10:26:44.693311,1023.0,2.14,0.0,0.0,0.0,0.0
2018-05-30 10:26:44.894130,1023.0,2.14,0.0,0.0,0.0,0.0
2018-05-30 10:26:45.096948,1023.0,2.14,0.0,0.0,0.0,0.0
2018-05-30 10:26:45.297767,1023.0,2.14,0.0,0.0,0.0,0.0
2018-05-30 10:26:45.499585,1023.0,2.14,0.0,0.0,0.0,0.0
2018-05-30 10:26:45.701403,1023.0,2.16,0.0,0.0,0.0,0.0
2018-05-30 10:26:45.902222,1023.0,2.16,0.0,0.0,0.0,0.0
2018-05-30 10:26:46.105039,1023.0,2.16,0.0,0.0,0.0,0.0
2018-05-30 10:26:46.307857,1023.0,2.16,0.0,0.0,0.0,0.0
2018-05-30 10:26:46.508676,1023.0,2.16,0.0,0.0,0.0,0.0
2018-05-30 10:26:46.710494,1023.0,2.18,0.0,0.0,0.0,0.0
2018-05-30 10:26:46.911313,1023.0,2.18,0.0,0.0,0.0,0.0
2018-05-30 10:26:47.113131,1023.0,2.18,0.0,0.0,0.0,0.0
2018-05-30 10:26:47.313950,1023.0,2.18,0.0,0.0,0.0,0.0
2018-05-30 10:26:47.514770,1023.0,2.18,0.0,0.0,0.0,0.0
2018-05-30 10:26:47.716588,1023.0,2.2,0.0,0.0,0.0,0.0
2018-05-30 10:26:47.917407,1023.0,2.2,0.0,0.0,0.0,0.0
2018-05-30 10:26:48.124221,1023.0,2.2,0.0,0.0,0.0,0.0
2018-05-30 10:26:48.325040,1023.0,2.2,0.0,0.0,0.0,0.0
2018-05-30 10:26:48.526858,1023.0,2.2,0.0,0.0,0.0,0.0
2018-05-30 10:26:48.728676,1023.0,2.22,0.0,0.0,0.0,0.0
2018-05-30 10:26:48.929495,1023.0,2.22,0.0,0.0,0.0,0.0
2018-05-30 10:26:49.132312,1023.0,2.22,0.0,0.0,0.0,0.0
2018-05-30 10:26:49.333132,1023.0,2.22,0.0,0.0,0.0,0.0
2018-05-30 10:26:49.534950,1023.0,2.22,0.0,0.0,0.0,0.0
2018-05-30 10:26:49.737767,1023.0,2.24,0.0,0.0,0.0,0.0
2018-05-30 10:26:49.938586,1023.0,2.24,0.0,0.0,0.0,0.0
2018-05-30 10:26:50.140404,1023.0,2.24,0.0,0.0,0.0,0.0
2018-05-30 10:26:50.341223,1023.0,2.24,0.0,0.0,0.0,0.0
2018-05-30 10:26:50.542043,1023.0,2.24,0.0,0.0,0.0,0.0
2018-05-30 10:26:50.743861,1023.0,2.2600000000000002,0.0,0.0,0.0,0.0
2018-05-30 10:26:50.945679,1023.0,2.2600000000000002,0.0,0.0,0.0,0.0
2018-05-30 10:26:51.150494,1023.0,2.2600000000000002,0.0,0.0,0.0,0.0
2018-05-30 10:26:51.350314,1023.0,2.2600000000000002,0.0,0.0,0.0,0.0
2018-05-30 10:26:51.554131,1023.0,2.2600000000000002,0.0,0.0,0.0,0.0
2018-05-30 10:26:51.755949,1023.0,2.2800000000000002,0.0,0.0,0.0,0.0
2018-05-30 10:26:51.957767,1023.0,2.2800000000000002,0.0,0.0,0.0,0.0
2018-05-30 10:26:52.157587,1023.0,2.2800000000000002,0.0,0.0,0.0,0.0
2018-05-30 10:26:52.367398,1023.0,2.2800000000000002,0.0,0.0,0.0,0.0
2018-05-30 10:26:52.568217,1023.0,2.2800000000000002,0.0,0.0,0.0,0.0
2018-05-30 10:26:52.770036,1023.0,2.3000000000000003,0.0,0.0,0.0,0.0
2018-05-30 10:26:52.971854,1023.0,2.3000000000000003,0.0,0.0,0.0,0.0
2018-05-30 10:26:53.173672,1023.0,2.3000000000000003,0.0,0.0,0.0,0.0
2018-05-30 10:26:53.374491,1023.0,2.3000000000000003,0.0,0.0,0.0,0.0
2018-05-30 10:26:53.575310,1023.0,2.3200000000000003,0.0,0.0,0.0,0.0
2018-05-30 10:26:53.777128,1023.0,2.3200000000000003,0.0,0.0,0.0,0.0
2018-05-30 10:26:53.977947,1023.0,2.3200000000000003,0.0,0.0,0.0,0.0
2018-05-30 10:26:54.179766,1023.0,2.3200000000000003,0.0,0.0,0.0,0.0
2018-05-30 10:26:54.380585,1023.0,2.3200000000000003,0.0,0.0,0.0,0.0
2018-05-30 10:26:54.581404,1023.0,2.3400000000000003,0.0,0.0,0.0,0.0
2018-05-30 10:26:54.783222,1023.0,2.3400000000000003,0.0,0.0,0.0,0.0
2018-05-30 10:26:54.985040,1023.0,2.3400000000000003,0.0,0.0,0.0,0.0
2018-05-30 10:26:55.186858,1023.0,2.3400000000000003,0.0,0.0,0.0,0.0
2018-05-30 10:26:55.387678,1023.0,2.3400000000000003,0.0,0.0,0.0,0.0
2018-05-30 10:26:55.588497,1023.0,2.3600000000000003,0.0,0.0,0.0,0.0
2018-05-30 10:26:55.791314,1023.0,2.3600000000000003,0.0,0.0,0.0,0.0
2018-05-30 10:26:55.992133,1023.0,2.3600000000000003,0.0,0.0,0.0,0.0
2018-05-30 10:26:56.193951,1023.0,2.3600000000000003,0.0,0.0,0.0,0.0
2018-05-30 10:26:56.395769,1023.0,2.3600000000000003,0.0,0.0,0.0,0.0
2018-05-30 10:26:56.597588,1023.0,2.3800000000000003,0.0,0.0,0.0,0.0
2018-05-30 10:26:56.800405,1023.0,2.3800000000000003,0.0,0.0,0.0,0.0
2018-05-30 10:26:57.000225,1023.0,2.3800000000000003,0.0,0.0,0.0,0.0
2018-05-30 10:26:57.202043,1023.0,2.3800000000000003,0.0,0.0,0.0,0.0
2018-05-30 10:26:57.403861,1023.0,2.3800000000000003,0.0,0.0,0.0,0.0
2018-05-30 10:26:57.604680,1023.0,2.4000000000000004,0.0,0.0,0.0,0.0
2018-05-30 10:26:57.807498,1023.0,2.4000000000000004,0.0,0.0,0.0,0.0
2018-05-30 10:26:58.008317,1023.0,2.4000000000000004,0.0,0.0,0.0,0.0
2018-05-30 10:26:58.209136,1023.0,2.4000000000000004,0.0,0.0,0.0,0.0
2018-05-30 10:26:58.410954,1023.0,2.4000000000000004,0.0,0.0,0.0,0.0
2018-05-30 10:26:58.612772,1023.0,2.4200000000000004,0.0,0.0,0.0,0.0
2018-05-30 10:26:58.814591,1023.0,2.4200000000000004,0.0,0.0,0.0,0.0
2018-05-30 10:26:59.015410,1023.0,2.4200000000000004,0.0,0.0,0.0,0.0
2018-05-30 10:26:59.216229,1023.0,2.4200000000000004,0.0,0.0,0.0,0.0
2018-05-30 10:26:59.418047,1023.0,2.4200000000000004,0.0,0.0,0.0,0.0
2018-05-30 10:26:59.618866,1023.0,2.4400000000000004,0.0,0.0,0.0,0.0
2018-05-30 10:26:59.821683,1023.0,2.4400000000000004,0.0,0.0,0.0,0.0
2018-05-30 10:27:00.022502,1023.0,2.4400000000000004,0.0,0.0,0.0,0.0
2018-05-30 10:27:00.223322,1023.0,2.4400000000000004,0.0,0.0,0.0,0.0
2018-05-30 10:27:00.425140,1023.0,2.4400000000000004,0.0,0.0,0.0,0.0
2018-05-30 10:27:00.625959,1023.0,2.4600000000000004,0.0,0.0,0.0,0.0
2018-05-30 10:27:00.831773,1023.0,2.4600000000000004,0.0,0.0,0.0,0.0
2018-05-30 10:27:01.032593,1023.0,2.4600000000000004,0.0,0.0,0.0,0.0
2018-05-30 10:27:01.233412,1023.0,2.4600000000000004,0.0,0.0,0.0,0.0
2018-05-30 10:27:01.439226,1023.0,2.4600000000000004,0.0,0.0,0.0,0.0
2018-05-30 10:27:01.639046,1023.0,2.4800000000000004,0.0,0.0,0.0,0.0
2018-05-30 10:27:01.841864,1023.0,2.4800000000000004,0.0,0.0,0.0,0.0
2018-05-30 10:27:02.041684,1023.0,2.4800000000000004,0.0,0.0,0.0,0.0
2018-05-30 10:27:02.242503,1023.0,2.4800000000000004,0.0,0.0,0.0,0.0
2018-05-30 10:27:02.444321,1023.0,2.4800000000000004,0.0,0.0,0.0,0.0
2018-05-30 10:27:02.645140,1023.0,2.5,0.0,0.0,0.0,0.0
2018-05-30 10:27:02.846958,1023.0,2.5,0.0,0.0,0.0,0.0
2018-05-30 10:27:03.048776,1023.0,2.5,0.0,0.0,0.0,0.0
2018-05-30 10:27:03.248596,1023.0,2.5,0.0,0.0,0.0,0.0
2018-05-30 10:27:03.451414,1023.0,2.5,0.0,0.0,0.0,0.0
2018-05-30 10:27:03.652233,1023.0,2.5,0.0,0.0,0.0,40.0
2018-05-30 10:27:03.855050,1023.0,2.5,0.0,0.0,0.0,40.0
2018-05-30 10:27:04.057867,1023.0,2.5,0.0,0.0,0.0,40.0
2018-05-30 10:27:04.258686,1023.0,2.5,0.0,0.0,0.0,40.0
2018-05-30 10:27:04.460505,1023.0,2.5,0.0,0.0,0.0,40.0
2018-05-30 10:27:04.661324,1023.0,2.5,0.0,0.0,0.0,80.0
2018-05-30 10:27:04.863142,1023.0,2.5,0.0,0.0,0.0,80.0
2018-05-30 10:27:05.065959,1023.0,2.5,0.0,0.0,0.0,80.0
2018-05-30 10:27:05.265779,1023.0,2.5,0.0,0.0,0.0,80.0
2018-05-30 10:27:05.467597,1023.0,2.5,0.0,0.0,0.0,80.0
2018-05-30 10:27:05.668417,1023.0,2.5,0.0,0.0,0.0,120.0
2018-05-30 10:27:05.871234,1023.0,2.5,0.0,0.0,0.0,120.0
2018-05-30 10:27:06.072053,1023.0,2.5,0.0,0.0,0.0,120.0
2018-05-30 10:27:06.273871,1023.0,2.5,0.0,0.0,0.0,120.0
2018-05-30 10:27:06.477688,1023.0,2.5,0.0,0.0,0.0,120.0
2018-05-30 10:27:06.680505,1023.0,2.5,0.0,0.0,0.0,160.0
2018-05-30 10:27:06.881324,1023.0,2.5,0.0,0.0,0.0,160.0
2018-05-30 10:27:07.083142,1023.0,2.5,0.0,0.0,0.0,160.0
2018-05-30 10:27:07.283961,1023.0,2.5,0.0,0.0,0.0,160.0
2018-05-30 10:27:07.485779,1023.0,2.5,0.0,0.0,0.0,160.0
2018-05-30 10:27:07.687598,1023.0,2.5,0.0,0.0,0.0,200.0
2018-05-30 10:27:07.888417,1023.0,2.5,0.0,0.0,0.0,200.0
2018-05-30 10:27:08.089236,1023.0,2.5,0.0,0.0,0.0,200.0
2018-05-30 10:27:08.291054,1023.0,2.5,0.0,0.0,0.0,200.0
2018-05-30 10:27:08.494870,1023.0,2.5,0.0,0.0,0.0,200.0
2018-05-30 10:27:08.695690,1023.0,2.5,0.0,0.0,0.0,240.0
2018-05-30 10:27:08.898507,1023.0,2.5,0.0,0.0,0.0,240.0
2018-05-30 10:27:09.100325,1023.0,2.5,0.0,0.0,0.0,240.0
2018-05-30 10:27:09.303142,1023.0,2.5,0.0,0.0,0.0,240.0
2018-05-30 10:27:09.504961,1023.0,2.5,0.0,0.0,0.0,240.0
2018-05-30 10:27:09.705780,1023.0,2.5,0.0,0.0,0.0,280.0
2018-05-30 10:27:09.911594,1023.0,2.5,0.0,0.0,0.0,280.0
2018-05-30 10:27:10.108417,1023.0,2.5,0.0,0.0,0.0,280.0
2018-05-30 10:27:10.310235,1023.0,2.5,0.0,0.0,0.0,280.0
2018-05-30 10:27:10.513052,1023.0,2.5,0.0,0.0,0.0,280.0
2018-05-30 10:27:10.714871,1023.0,2.5,0.0,0.0,0.0,320.0
2018-05-30 10:27:10.916689,1023.0,2.5,0.0,0.0,0.0,320.0
2018-05-30 10:27:11.117508,1023.0,2.5,0.0,0.0,0.0,320.0
2018-05-30 10:27:11.318327,1023.0,2.5,0.0,0.0,0.0,320.0
2018-05-30 10:27:11.535132,1023.0,2.5,0.0,0.0,0.0,320.0
2018-05-30 10:27:11.735951,1023.0,2.5,0.0,0.0,0.0,360.0
2018-05-30 10:27:11.938768,1023.0,2.5,0.0,0.0,0.0,360.0
2018-05-30 10:27:12.138588,1023.0,2.5,0.0,0.0,0.0,360.0
2018-05-30 10:27:12.339407,1023.0,2.5,0.0,0.0,0.0,360.0
2018-05-30 10:27:12.541225,1023.0,2.5,0.0,0.0,0.0,360.0
2018-05-30 10:27:12.742045,1023.0,2.5,0.0,0.0,0.0,400.0
2018-05-30 10:27:12.945861,1023.0,2.5,0.0,0.0,0.0,400.0
2018-05-30 10:27:13.146680,1023.0,2.5,0.0,0.0,0.0,400.0
2018-05-30 10:27:13.347499,1023.0,2.5,0.0,0.0,0.0,400.0
2018-05-30 10:27:13.553314,1023.0,2.5,0.0,0.0,0.0,400.0
2018-05-30 10:27:13.754133,1023.0,2.5,0.0,0.0,0.0,440.0
2018-05-30 10:27:13.956950,1023.0,2.5,0.0,0.0,0.0,440.0
2018-05-30 10:27:14.159767,1023.0,2.5,0.0,0.0,0.0,440.0
2018-05-30 10:27:14.359587,1023.0,2.5,0.0,0.0,0.0,440.0
2018-05-30 10:27:14.561406,1023.0,2.5,0.0,0.0,0.0,440.0
2018-05-30 10:27:14.762225,1023.0,2.5,0.0,0.0,0.0,480.0
2018-05-30 10:27:15.021991,1023.0,2.5,0.0,0.0,0.0,480.0
2018-05-30 10:27:15.167859,1023.0,2.5,0.0,0.0,0.0,480.0
2018-05-30 10:27:15.367679,1023.0,2.5,0.0,0.0,0.0,480.0
2018-05-30 10:27:15.569498,1023.0,2.5,0.0,0.0,0.0,480.0
2018-05-30 10:27:15.770317,1023.0,2.5,0.0,0.0,0.0,520.0
2018-05-30 10:27:15.973134,1023.0,2.5,0.0,0.0,0.0,520.0
2018-05-30 10:27:16.174952,1023.0,2.5,0.0,0.0,0.0,520.0
2018-05-30 10:27:16.376770,1023.0,2.5,0.0,0.0,0.0,520.0
2018-05-30 10:27:16.579588,1023.0,2.5,0.0,0.0,0.0,520.0
2018-05-30 10:27:16.781406,1023.0,2.5,0.0,0.0,0.0,560.0
2018-05-30 10:27:16.981226,1023.0,2.5,0.0,0.0,0.0,560.0
2018-05-30 10:27:17.183044,1023.0,2.5,0.0,0.0,0.0,560.0
2018-05-30 10:27:17.383863,1023.0,2.5,0.0,0.0,0.0,560.0
2018-05-30 10:27:17.586680,1023.0,2.5,0.0,0.0,0.0,560.0
2018-05-30 10:27:17.789498,1023.0,2.5,0.0,0.0,0.0,600.0
2018-05-30 10:27:17.989318,1023.0,2.5,0.0,0.0,0.0,600.0
2018-05-30 10:27:18.191136,1023.0,2.5,0.0,0.0,0.0,600.0
2018-05-30 10:27:18.391955,1023.0,2.5,0.0,0.0,0.0,600.0
2018-05-30 10:27:18.593773,1023.0,2.5,0.0,0.0,0.0,600.0
2018-05-30 10:27:18.795591,1023.0,2.5,0.0,0.0,0.0,640.0
2018-05-30 10:27:18.996411,1023.0,2.5,0.0,0.0,0.0,640.0
2018-05-30 10:27:19.199228,1023.0,2.5,0.0,0.0,0.0,640.0
2018-05-30 10:27:19.400047,1023.0,2.5,0.0,0.0,0.0,640.0
2018-05-30 10:27:19.601865,1023.0,2.5,0.0,0.0,0.0,640.0
2018-05-30 10:27:19.803683,1023.0,2.5,0.0,0.0,0.0,680.0
2018-05-30 10:27:20.004502,1023.0,2.5,0.0,0.0,0.0,680.0
2018-05-30 10:27:20.206321,1023.0,2.5,0.0,0.0,0.0,680.0
2018-05-30 10:27:20.407140,1023.0,2.5,0.0,0.0,0.0,680.0
2018-05-30 10:27:20.609957,1023.0,2.5,0.0,0.0,0.0,720.0
2018-05-30 10:27:20.811775,1023.0,2.5,0.0,0.0,0.0,720.0
2018-05-30 10:27:21.011595,1023.0,2.5,0.0,0.0,0.0,720.0
2018-05-30 10:27:21.214413,1023.0,2.5,0.0,0.0,0.0,720.0
2018-05-30 10:27:21.417230,1023.0,2.5,0.0,0.0,0.0,720.0
2018-05-30 10:27:21.630038,1023.0,2.5,0.0,0.0,0.0,750.0
2018-05-30 10:27:21.830857,1023.0,2.5,0.0,0.0,0.0,750.0
2018-05-30 10:27:22.037671,1023.0,2.5,0.0,0.0,0.0,750.0
2018-05-30 10:27:22.239489,1023.0,2.5,0.0,0.0,0.0,750.0
2018-05-30 10:27:22.449300,1023.0,2.5,0.0,0.0,0.0,750.0
2018-05-30 10:27:22.653117,1023.0,2.5,0.0,400.0,0.0,750.0
2018-05-30 10:27:22.853936,1023.0,2.5,0.0,400.0,0.0,750.0
2018-05-30 10:27:23.056753,1023.0,2.5,0.0,400.0,0.0,750.0
2018-05-30 10:27:23.258571,1023.0,2.5,0.0,400.0,0.0,750.0
2018-05-30 10:27:23.458391,1023.0,2.5,0.0,400.0,0.0,750.0
2018-05-30 10:27:23.660209,1023.0,2.5,0.0,800.0,0.0,750.0
2018-05-30 10:27:23.861028,1023.0,2.5,0.0,800.0,0.0,750.0
2018-05-30 10:27:24.061848,1023.0,2.5,0.0,800.0,0.0,750.0
2018-05-30 10:27:24.263666,1023.0,2.5,0.0,800.0,0.0,750.0
2018-05-30 10:27:24.464485,1023.0,2.5,0.0,800.0,0.0,750.0
2018-05-30 10:27:24.666303,1023.0,2.5,0.0,1200.0,0.0,750.0
2018-05-30 10:27:24.868121,1023.0,2.5,0.0,1200.0,0.0,750.0
2018-05-30 10:27:25.070939,1023.0,2.5,0.0,1200.0,0.0,750.0
2018-05-30 10:27:25.273756,1023.0,2.5,0.0,1200.0,0.0,750.0
2018-05-30 10:27:25.474575,1023.0,2.5,0.0,1200.0,0.0,750.0
2018-05-30 10:27:25.676393,1023.0,2.5,0.0,1600.0,0.0,750.0
2018-05-30 10:27:25.878211,1023.0,2.5,0.0,1600.0,0.0,750.0
2018-05-30 10:27:26.079030,1023.0,2.5,0.0,1600.0,0.0,750.0
2018-05-30 10:27:26.290840,1023.0,2.5,0.0,1600.0,0.0,750.0
2018-05-30 10:27:26.491659,1023.0,2.5,0.0,1600.0,0.0,750.0
2018-05-30 10:27:26.694476,1023.0,2.5,0.0,2000.0,0.0,750.0
2018-05-30 10:27:26.895295,1023.0,2.5,0.0,2000.0,0.0,750.0
2018-05-30 10:27:27.099112,1023.0,2.5,0.0,2000.0,0.0,750.0
2018-05-30 10:27:27.300930,1023.0,2.5,0.0,2000.0,0.0,750.0
2018-05-30 10:27:27.501749,1023.0,2.5,0.0,2000.0,0.0,750.0
2018-05-30 10:27:27.704566,1023.0,2.5,0.0,2400.0,0.0,750.0
2018-05-30 10:27:27.905385,1023.0,2.5,0.0,2400.0,0.0,750.0
2018-05-30 10:27:28.108203,1023.0,2.5,0.0,2400.0,0.0,750.0
2018-05-30 10:27:28.312019,1023.0,2.5,0.0,2400.0,0.0,750.0
2018-05-30 10:27:28.513837,1023.0,2.5,0.0,2400.0,0.0,750.0
2018-05-30 10:27:28.714656,1023.0,2.5,0.0,2800.0,0.0,750.0
2018-05-30 10:27:28.915475,1023.0,2.5,0.0,2800.0,0.0,750.0
2018-05-30 10:27:29.116294,1023.0,2.5,0.0,2800.0,0.0,750.0
2018-05-30 10:27:29.318113,1023.0,2.5,0.0,2800.0,0.0,750.0
2018-05-30 10:27:29.518932,1023.0,2.5,0.0,2800.0,0.0,750.0
2018-05-30 10:27:29.722748,1023.0,2.5,0.0,3200.0,0.0,750.0
2018-05-30 10:27:29.924566,1023.0,2.5,0.0,3200.0,0.0,750.0
2018-05-30 10:27:30.125385,1023.0,2.5,0.0,3200.0,0.0,750.0
2018-05-30 10:27:30.327204,1023.0,2.5,0.0,3200.0,0.0,750.0
2018-05-30 10:27:30.531020,1023.0,2.5,0.0,3200.0,0.0,750.0
2018-05-30 10:27:30.732838,1023.0,2.5,0.0,3600.0,0.0,750.0
2018-05-30 10:27:30.933657,1023.0,2.5,0.0,3600.0,0.0,750.0
2018-05-30 10:27:31.135476,1023.0,2.5,0.0,3600.0,0.0,750.0
2018-05-30 10:27:31.336295,1023.0,2.5,0.0,3600.0,0.0,750.0
2018-05-30 10:27:31.537114,1023.0,2.5,0.0,3600.0,0.0,750.0
2018-05-30 10:27:31.739931,1023.0,2.5,0.0,4000.0,0.0,750.0
2018-05-30 10:27:31.941749,1023.0,2.5,0.0,4000.0,0.0,750.0
2018-05-30 10:27:32.143567,1023.0,2.5,0.0,4000.0,0.0,750.0
2018-05-30 10:27:32.345386,1023.0,2.5,0.0,4000.0,0.0,750.0
2018-05-30 10:27:32.546205,1023.0,2.5,0.0,4000.0,0.0,750.0
2018-05-30 10:27:32.751020,1023.0,2.5,0.0,4400.0,0.0,750.0
2018-05-30 10:27:32.949841,1023.0,2.5,0.0,4400.0,0.0,750.0
2018-05-30 10:27:33.150660,1023.0,2.5,0.0,4400.0,0.0,750.0
2018-05-30 10:27:33.352478,1023.0,2.5,0.0,4400.0,0.0,750.0
2018-05-30 10:27:33.553298,1023.0,2.5,0.0,4400.0,0.0,750.0
2018-05-30 10:27:33.755116,1023.0,2.5,0.0,4800.0,0.0,750.0
2018-05-30 10:27:33.955935,1023.0,2.5,0.0,4800.0,0.0,750.0
2018-05-30 10:27:34.158752,1023.0,2.5,0.0,4800.0,0.0,750.0
2018-05-30 10:27:34.360570,1023.0,2.5,0.0,4800.0,0.0,750.0
2018-05-30 10:27:34.561389,1023.0,2.5,0.0,4800.0,0.0,750.0
2018-05-30 10:27:34.765206,1023.0,2.5,0.0,5200.0,0.0,750.0
2018-05-30 10:27:34.964027,1023.0,2.5,0.0,5200.0,0.0,750.0
2018-05-30 10:27:35.164846,1023.0,2.5,0.0,5200.0,0.0,750.0
2018-05-30 10:27:35.366664,1023.0,2.5,0.0,5200.0,0.0,750.0
2018-05-30 10:27:35.568482,1023.0,2.5,0.0,5200.0,0.0,750.0
2018-05-30 10:27:35.770300,1023.0,2.5,0.0,5600.0,0.0,750.0
2018-05-30 10:27:35.971120,1023.0,2.5,0.0,5600.0,0.0,750.0
2018-05-30 10:27:36.171939,1023.0,2.5,0.0,5600.0,0.0,750.0
2018-05-30 10:27:36.373757,1023.0,2.5,0.0,5600.0,0.0,750.0
2018-05-30 10:27:36.575575,1023.0,2.5,0.0,5600.0,0.0,750.0
2018-05-30 10:27:36.779391,1023.0,2.5,0.0,6000.0,0.0,750.0
2018-05-30 10:27:36.978212,1023.0,2.5,0.0,6000.0,0.0,750.0
2018-05-30 10:27:37.179031,1023.0,2.5,0.0,6000.0,0.0,750.0
2018-05-30 10:27:37.380850,1023.0,2.5,0.0,6000.0,0.0,750.0
2018-05-30 10:27:37.582668,1023.0,2.5,0.0,6000.0,0.0,750.0
2018-05-30 10:27:37.786484,1023.0,2.5,0.0,6400.0,0.0,750.0
2018-05-30 10:27:37.985305,1023.0,2.5,0.0,6400.0,0.0,750.0
2018-05-30 10:27:38.187123,1023.0,2.5,0.0,6400.0,0.0,750.0
2018-05-30 10:27:38.388942,1023.0,2.5,0.0,6400.0,0.0,750.0
2018-05-30 10:27:38.588762,1023.0,2.5,0.0,6400.0,0.0,750.0
2018-05-30 10:27:38.790580,1023.0,2.5,0.0,6800.0,0.0,750.0
2018-05-30 10:27:38.992398,1023.0,2.5,0.0,6800.0,0.0,750.0
2018-05-30 10:27:39.194216,1023.0,2.5,0.0,6800.0,0.0,750.0
2018-05-30 10:27:39.397033,1023.0,2.5,0.0,6800.0,0.0,750.0
2018-05-30 10:27:39.597853,1023.0,2.5,0.0,6800.0,0.0,750.0
2018-05-30 10:27:39.800670,1023.0,2.5,0.0,7200.0,0.0,750.0
2018-05-30 10:27:40.000490,1023.0,2.5,0.0,7200.0,0.0,750.0
2018-05-30 10:27:40.201309,1023.0,2.5,0.0,7200.0,0.0,750.0
2018-05-30 10:27:40.403127,1023.0,2.5,0.0,7200.0,0.0,750.0
2018-05-30 10:27:40.603946,1023.0,2.5,0.0,7200.0,0.0,750.0
2018-05-30 10:27:40.807763,1023.0,2.5,0.0,7600.0,0.0,750.0
2018-05-30 10:27:41.007583,1023.0,2.5,0.0,7600.0,0.0,750.0
2018-05-30 10:27:41.208402,1023.0,2.5,0.0,7600.0,0.0,750.0
2018-05-30 10:27:41.410220,1023.0,2.5,0.0,7600.0,0.0,750.0
2018-05-30 10:27:41.611039,1023.0,2.5,0.0,7600.0,0.0,750.0
2018-05-30 10:27:41.811858,1023.0,2.5,0.0,8000.0,0.0,750.0
2018-05-30 10:27:42.013676,1023.0,2.5,0.0,8000.0,0.0,750.0
2018-05-30 10:27:42.214495,1023.0,2.5,0.0,8000.0,0.0,750.0
2018-05-30 10:27:42.416314,1023.0,2.5,0.0,8000.0,0.0,750.0
2018-05-30 10:27:42.618132,1023.0,2.5,0.0,8000.0,0.0,750.0
2018-05-30 10:27:42.818951,1023.0,2.5,0.0,8400.0,0.0,750.0
2018-05-30 10:27:43.020769,1023.0,2.5,0.0,8400.0,0.0,750.0
2018-05-30 10:27:43.223586,1023.0,2.5,0.0,8400.0,0.0,750.0
2018-05-30 10:27:43.423406,1023.0,2.5,0.0,8400.0,0.0,750.0
2018-05-30 10:27:43.625225,1023.0,2.5,0.0,8400.0,0.0,750.0
2018-05-30 10:27:43.825045,1023.0,2.5,0.0,8800.0,0.0,750.0
2018-05-30 10:27:44.028861,1023.0,2.5,0.0,8800.0,0.0,750.0
2018-05-30 10:27:44.229680,1023.0,2.5,0.0,8800.0,0.0,750.0
2018-05-30 10:27:44.431498,1023.0,2.5,0.0,8800.0,0.0,750.0
2018-05-30 10:27:44.634316,1023.0,2.5,0.0,8800.0,0.0,750.0
2018-05-30 10:27:44.836134,1023.0,2.5,0.0,9200.0,0.0,750.0
2018-05-30 10:27:45.037952,1023.0,2.5,0.0,9200.0,0.0,750.0
2018-05-30 10:27:45.240769,1023.0,2.5,0.0,9200.0,0.0,750.0
2018-05-30 10:27:45.443587,1023.0,2.5,0.0,9200.0,0.0,750.0
2018-05-30 10:27:45.643407,1023.0,2.5,0.0,9600.0,0.0,750.0
2018-05-30 10:27:45.844226,1023.0,2.5,0.0,9600.0,0.0,750.0
2018-05-30 10:27:46.047043,1023.0,2.5,0.0,9600.0,0.0,750.0
2018-05-30 10:27:46.247862,1023.0,2.5,0.0,9600.0,0.0,750.0
2018-05-30 10:27:46.449680,1023.0,2.5,0.0,9600.0,0.0,750.0
2018-05-30 10:27:46.650499,1023.0,2.5,0.0,10000.0,0.0,750.0
2018-05-30 10:27:46.851319,1023.0,2.5,0.0,10000.0,0.0,750.0
2018-05-30 10:27:47.053137,1023.0,2.5,0.0,10000.0,0.0,750.0
2018-05-30 10:27:47.253956,1023.0,2.5,0.0,10000.0,0.0,750.0
2018-05-30 10:27:47.465765,1023.0,2.5,0.0,10000.0,0.0,750.0
2018-05-30 10:27:47.666584,1023.0,2.5,0.0,10400.0,0.0,750.0
2018-05-30 10:27:47.867403,1023.0,2.5,0.0,10400.0,0.0,750.0
2018-05-30 10:27:48.071220,1023.0,2.5,0.0,10400.0,0.0,750.0
2018-05-30 10:27:48.273038,1023.0,2.5,0.0,10400.0,0.0,750.0
2018-05-30 10:27:48.473857,1023.0,2.5,0.0,10400.0,0.0,750.0
2018-05-30 10:27:48.674676,1023.0,2.5,0.0,10800.0,0.0,750.0
2018-05-30 10:27:48.875495,1023.0,2.5,0.0,10800.0,0.0,750.0
2018-05-30 10:27:49.077313,1023.0,2.5,0.0,10800.0,0.0,750.0
2018-05-30 10:27:49.279132,1023.0,2.5,0.0,10800.0,0.0,750.0
2018-05-30 10:27:49.480950,1023.0,2.5,0.0,10800.0,0.0,750.0
2018-05-30 10:27:49.681769,1023.0,2.5,0.0,11200.0,0.0,750.0
2018-05-30 10:27:49.882588,1023.0,2.5,0.0,11200.0,0.0,750.0
2018-05-30 10:27:50.084406,1023.0,2.5,0.0,11200.0,0.0,750.0
2018-05-30 10:27:50.285225,1023.0,2.5,0.0,11200.0,0.0,750.0
2018-05-30 10:27:50.488043,1023.0,2.5,0.0,11200.0,0.0,750.0
2018-05-30 10:27:50.688862,1023.0,2.5,0.0,11600.0,0.0,750.0
2018-05-30 10:27:50.889681,1023.0,2.5,0.0,11600.0,0.0,750.0
2018-05-30 10:27:51.092498,1023.0,2.5,0.0,11600.0,0.0,750.0
2018-05-30 10:27:51.295315,1023.0,2.5,0.0,11600.0,0.0,750.0
2018-05-30 10:27:51.496134,1023.0,2.5,0.0,11600.0,0.0,750.0
2018-05-30 10:27:51.700950,1023.0,2.5,0.0,12000.0,0.0,750.0
2018-05-30 10:27:51.901769,1023.0,2.5,0.0,12000.0,0.0,750.0
2018-05-30 10:27:52.104586,1023.0,2.5,0.0,12000.0,0.0,750.0
2018-05-30 10:27:52.306405,1023.0,2.5,0.0,12000.0,0.0,750.0
2018-05-30 10:27:52.508223,1023.0,2.5,0.0,12000.0,0.0,750.0
2018-05-30 10:27:52.709042,1023.0,2.5,0.0,12000.0,0.0,750.0
2018-05-30 10:27:52.909861,1023.0,2.5,0.0,12000.0,0.0,750.0
2018-05-30 10:27:53.110680,1023.0,2.5,0.0,12000.0,0.0,750.0
2018-05-30 10:27:53.311499,1023.0,2.5,0.0,12000.0,0.0,750.0
2018-05-30 10:27:53.512318,1023.0,2.5,0.0,12000.0,0.0,750.0
2018-05-30 10:27:53.713137,1023.0,2.5,0.0,12000.0,0.0,750.0
2018-05-30 10:27:53.914956,1023.0,2.5,0.0,12000.0,0.0,750.0
2018-05-30 10:27:54.115775,1023.0,2.5,0.0,12000.0,0.0,750.0
2018-05-30 10:27:54.316594,1023.0,2.5,0.0,12000.0,0.0,750.0
2018-05-30 10:27:54.517413,1023.0,2.5,0.0,12000.0,0.0,750.0
2018-05-30 10:27:54.718232,1023.0,2.5,0.0,12000.0,0.0,750.0
2018-05-30 10:27:54.919051,1023.0,2.5,0.0,12000.0,0.0,750.0
2018-05-30 10:27:55.119870,1023.0,2.5,0.0,12000.0,0.0,750.0
2018-05-30 10:27:55.321688,1023.0,2.5,0.0,12000.0,0.0,750.0
2018-05-30 10:27:55.523507,1023.0,2.5,0.0,12000.0,0.0,750.0
2018-05-30 10:27:55.724326,1023.0,2.5,0.0,12000.0,0.0,750.0
2018-05-30 10:27:55.929141,1023.0,2.5,0.0,12000.0,0.0,750.0
2018-05-30 10:27:56.128961,1023.0,2.5,0.0,12000.0,0.0,750.0
2018-05-30 10:27:56.329780,1023.0,2.5,0.0,12000.0,0.0,750.0
2018-05-30 10:27:56.530599,1023.0,2.5,0.0,12000.0,0.0,750.0
2018-05-30 10:27:56.731418,1023.0,2.5,0.0,12000.0,0.0,750.0
2018-05-30 10:27:56.933237,1023.0,2.5,0.0,12000.0,0.0,750.0
2018-05-30 10:27:57.134056,1023.0,2.5,0.0,12000.0,0.0,750.0
2018-05-30 10:27:57.334875,1023.0,2.5,0.0,12000.0,0.0,750.0
2018-05-30 10:27:57.535694,1023.0,2.5,0.0,12000.0,0.0,750.0
2018-05-30 10:27:57.736513,1023.0,2.5,0.0,12000.0,0.0,750.0
2018-05-30 10:27:57.937332,1023.0,2.5,0.0,12000.0,0.0,750.0
2018-05-30 10:27:58.138151,1023.0,2.5,0.0,12000.0,0.0,750.0
2018-05-30 10:27:58.338970,1023.0,2.5,0.0,12000.0,0.0,750.0
2018-05-30 10:27:58.539789,1023.0,2.5,0.0,12000.0,0.0,750.0
2018-05-30 10:27:58.743606,1023.0,2.5,0.0,12000.0,0.0,750.0
2018-05-30 10:27:58.942427,1023.0,2.5,0.0,12000.0,0.0,750.0
2018-05-30 10:27:59.142247,1023.0,2.5,0.0,12000.0,0.0,750.0
2018-05-30 10:27:59.343066,1023.0,2.5,0.0,12000.0,0.0,750.0
2018-05-30 10:27:59.543885,1023.0,2.5,0.0,12000.0,0.0,750.0
2018-05-30 10:27:59.744704,1023.0,2.5,0.0,12000.0,0.0,750.0
2018-05-30 10:27:59.945523,1023.0,2.5,0.0,12000.0,0.0,750.0
2018-05-30 10:28:00.146342,1023.0,2.5,0.0,12000.0,0.0,750.0
2018-05-30 10:28:00.347161,1023.0,2.5,0.0,12000.0,0.0,750.0
2018-05-30 10:28:00.548980,1023.0,2.5,0.0,12000.0,0.0,750.0
2018-05-30 10:28:00.748800,1023.0,2.5,0.0,12000.0,0.0,750.0
2018-05-30 10:28:00.949619,1023.0,2.5,0.0,12000.0,0.0,750.0
2018-05-30 10:28:01.150438,1023.0,2.5,0.0,12000.0,0.0,750.0
2018-05-30 10:28:01.351257,1023.0,2.5,0.0,12000.0,0.0,750.0
2018-05-30 10:28:01.555073,1023.0,2.5,0.0,12000.0,0.0,750.0
2018-05-30 10:28:01.756891,1023.0,2.5,0.0,12000.0,0.0,750.0
2018-05-30 10:28:01.957711,1023.0,2.5,0.0,12000.0,0.0,750.0
2018-05-30 10:28:02.159529,1023.0,2.5,0.0,12000.0,0.0,750.0
2018-05-30 10:28:02.360348,1023.0,2.5,0.0,12000.0,0.0,750.0
2018-05-30 10:28:02.562166,1023.0,2.5,0.0,12000.0,0.0,750.0
2018-05-30 10:28:02.761986,1023.0,2.5,0.0,12000.0,0.0,750.0
2018-05-30 10:28:02.962805,1023.0,2.5,0.0,12000.0,0.0,750.0
2018-05-30 10:28:03.163624,1023.0,2.5,0.0,12000.0,0.0,750.0
2018-05-30 10:28:03.364443,1023.0,2.5,0.0,12000.0,0.0,750.0
2018-05-30 10:28:03.565262,1023.0,2.5,0.0,12000.0,0.0,750.0
2018-05-30 10:28:03.766082,1023.0,2.5,0.0,12000.0,0.0,750.0
2018-05-30 10:28:03.968899,1023.0,2.5,0.0,12000.0,0.0,750.0
2018-05-30 10:28:04.167720,1023.0,2.5,0.0,12000.0,0.0,750.0
2018-05-30 10:28:04.371536,1023.0,2.5,0.0,12000.0,0.0,750.0
2018-05-30 10:28:04.572355,1023.0,2.5,0.0,12000.0,0.0,750.0
2018-05-30 10:28:04.774173,1023.0,2.5,0.0,12000.0,0.0,750.0
2018-05-30 10:28:04.975992,1023.0,2.5,0.0,12000.0,0.0,750.0
2018-05-30 10:28:05.175812,1023.0,2.5,0.0,12000.0,0.0,750.0
2018-05-30 10:28:05.376631,1023.0,2.5,0.0,12000.0,0.0,750.0
2018-05-30 10:28:05.589439,1023.0,2.5,0.0,12000.0,0.0,750.0
2018-05-30 10:28:05.779268,1023.0,2.5,0.0,12000.0,0.0,750.0
2018-05-30 10:28:05.980087,1023.0,2.5,0.0,12000.0,0.0,750.0
2018-05-30 10:28:06.180906,1023.0,2.5,0.0,12000.0,0.0,750.0
2018-05-30 10:28:06.382724,1023.0,2.5,0.0,12000.0,0.0,750.0
2018-05-30 10:28:06.583544,1023.0,2.5,0.0,12000.0,0.0,750.0
2018-05-30 10:28:06.784363,1023.0,2.5,0.0,12000.0,0.0,750.0
2018-05-30 10:28:06.985182,1023.0,2.5,0.0,12000.0,0.0,750.0
2018-05-30 10:28:07.186001,1023.0,2.5,0.0,12000.0,0.0,750.0
2018-05-30 10:28:07.386820,1023.0,2.5,0.0,12000.0,0.0,750.0
2018-05-30 10:28:07.587639,1023.0,2.5,0.0,12000.0,0.0,750.0
2018-05-30 10:28:07.790456,1023.0,2.5,0.0,12000.0,0.0,750.0
2018-05-30 10:28:07.989277,1023.0,2.5,0.0,12000.0,0.0,750.0
2018-05-30 10:28:08.190096,1023.0,2.5,0.0,12000.0,0.0,750.0
2018-05-30 10:28:08.390915,1023.0,2.5,0.0,12000.0,0.0,750.0
2018-05-30 10:28:08.594732,1023.0,2.5,0.0,12000.0,0.0,750.0
2018-05-30 10:28:08.795551,1023.0,2.5,0.0,12000.0,0.0,750.0
2018-05-30 10:28:08.996370,1023.0,2.5,0.0,12000.0,0.0,750.0
2018-05-30 10:28:09.197189,1023.0,2.5,0.0,12000.0,0.0,750.0
2018-05-30 10:28:09.398008,1023.0,2.5,0.0,12000.0,0.0,750.0
2018-05-30 10:28:09.598827,1023.0,2.5,0.0,12000.0,0.0,750.0
2018-05-30 10:28:09.799646,1023.0,2.5,0.0,12000.0,0.0,750.0
2018-05-30 10:28:10.000466,1023.0,2.5,0.0,12000.0,0.0,750.0
2018-05-30 10:28:10.202284,1023.0,2.5,0.0,12000.0,0.0,750.0
2018-05-30 10:28:10.403103,1023.0,2.5,0.0,12000.0,0.0,750.0
2018-05-30 10:28:10.603922,1023.0,2.5,0.0,12000.0,0.0,750.0
2018-05-30 10:28:10.804741,1023.0,2.5,0.0,12000.0,0.0,750.0
2018-05-30 10:28:11.006559,1023.0,2.5,0.0,12000.0,0.0,750.0
2018-05-30 10:28:11.207378,1023.0,2.5,0.0,12000.0,0.0,750.0
2018-05-30 10:28:11.408197,1023.0,2.5,0.0,12000.0,0.0,750.0
2018-05-30 10:28:11.610016,1023.0,2.5,0.0,12000.0,0.0,750.0
2018-05-30 10:28:11.810835,1023.0,2.5,0.0,12000.0,0.0,750.0
2018-05-30 10:28:12.011654,1023.0,2.5,0.0,12000.0,0.0,750.0
2018-05-30 10:28:12.212473,1023.0,2.5,0.0,12000.0,0.0,750.0
2018-05-30 10:28:12.413292,1023.0,2.5,0.0,12000.0,0.0,750.0
2018-05-30 10:28:12.614111,1023.0,2.5,0.0,12000.0,0.0,750.0
2018-05-30 10:28:12.815929,1023.0,2.5,0.0,12000.0,0.0,750.0
2018-05-30 10:28:13.016748,1023.0,2.5,0.0,12000.0,0.0,750.0
2018-05-30 10:28:13.218567,1023.0,2.5,0.0,12000.0,0.0,750.0
2018-05-30 10:28:13.420385,1023.0,2.5,0.0,12000.0,0.0,750.0
2018-05-30 10:28:13.621204,1023.0,2.5,0.0,12000.0,0.0,750.0
2018-05-30 10:28:13.822023,1023.0,2.5,0.0,12000.0,0.0,750.0
2018-05-30 10:28:14.022842,1023.0,2.5,0.0,12000.0,0.0,750.0
2018-05-30 10:28:14.223661,1023.0,2.5,0.0,12000.0,0.0,750.0
2018-05-30 10:28:14.424480,1023.0,2.5,0.0,12000.0,0.0,750.0
2018-05-30 10:28:14.625299,1023.0,2.5,0.0,12000.0,0.0,750.0
2018-05-30 10:28:14.827118,1023.0,2.5,0.0,12000.0,0.0,750.0
2018-05-30 10:28:15.026938,1023.0,2.5,0.0,12000.0,0.0,750.0
2018-05-30 10:28:15.227757,1023.0,2.5,0.0,12000.0,0.0,750.0
2018-05-30 10:28:15.429575,1023.0,2.5,0.0,12000.0,0.0,750.0
2018-05-30 10:28:15.629395,1023.0,2.5,0.0,12000.0,0.0,750.0
2018-05-30 10:28:15.830214,1023.0,2.5,0.0,12000.0,0.0,750.0
2018-05-30 10:28:16.031033,1023.0,2.5,0.0,12000.0,0.0,750.0
2018-05-30 10:28:16.231852,1023.0,2.5,0.0,12000.0,0.0,750.0
2018-05-30 10:28:16.432671,1023.0,2.5,0.0,12000.0,0.0,750.0
2018-05-30 10:28:16.633490,1023.0,2.5,0.0,12000.0,0.0,750.0
2018-05-30 10:28:16.834310,1023.0,2.5,0.0,12000.0,0.0,750.0
2018-05-30 10:28:17.037127,1023.0,2.5,0.0,12000.0,0.0,750.0
2018-05-30 10:28:17.237946,1023.0,2.5,0.0,12000.0,0.0,750.0
2018-05-30 10:28:17.438765,1023.0,2.5,0.0,12000.0,0.0,750.0
2018-05-30 10:28:17.640583,1023.0,2.5,0.0,12000.0,0.0,750.0
2018-05-30 10:28:17.841402,1023.0,2.5,0.0,12000.0,0.0,750.0
2018-05-30 10:28:18.043221,1023.0,2.5,0.0,12000.0,0.0,750.0
2018-05-30 10:28:18.244040,1023.0,2.5,0.0,12000.0,0.0,750.0
2018-05-30 10:28:18.444859,1023.0,2.5,0.0,12000.0,0.0,750.0
2018-05-30 10:28:18.652672,1023.0,2.5,0.0,12000.0,0.0,750.0
2018-05-30 10:28:18.853491,1023.0,2.5,0.0,12000.0,0.0,750.0
2018-05-30 10:28:19.054310,1023.0,2.5,0.0,12000.0,0.0,750.0
2018-05-30 10:28:19.257127,1023.0,2.5,0.0,12000.0,0.0,750.0
2018-05-30 10:28:19.553860,1023.0,2.5,0.0,12000.0,0.0,750.0
2018-05-30 10:28:19.691736,1023.0,2.5,0.0,12000.0,0.0,750.0
2018-05-30 10:28:19.894553,1023.0,2.5,0.0,12000.0,0.0,750.0
2018-05-30 10:28:20.099368,1023.0,2.5,0.0,12000.0,0.0,750.0
2018-05-30 10:28:20.301187,1023.0,2.5,0.0,12000.0,0.0,750.0
2018-05-30 10:28:20.507001,1023.0,2.5,0.0,12000.0,0.0,750.0
2018-05-30 10:28:20.707820,1023.0,2.5,0.0,12000.0,0.0,750.0
2018-05-30 10:28:20.914634,1023.0,2.5,0.0,12000.0,0.0,750.0
2018-05-30 10:28:21.115453,1023.0,2.5,0.0,12000.0,0.0,750.0
2018-05-30 10:28:21.324265,1023.0,2.5,0.0,12000.0,0.0,750.0
2018-05-30 10:28:21.528081,1023.0,2.5,0.0,12000.0,0.0,750.0
2018-05-30 10:28:21.728900,1023.0,2.5,0.0,12000.0,0.0,750.0
2018-05-30 10:28:21.930719,1023.0,2.5,0.0,12000.0,0.0,750.0
2018-05-30 10:28:22.131538,1023.0,2.5,0.0,12000.0,0.0,750.0
2018-05-30 10:28:22.332357,1023.0,2.5,0.0,12000.0,0.0,750.0
2018-05-30 10:28:22.533176,1023.0,2.5,0.0,12000.0,0.0,750.0
2018-05-30 10:28:22.733995,1023.0,2.5,0.0,12000.0,0.0,750.0
2018-05-30 10:28:22.934814,1023.0,2.5,0.0,12000.0,0.0,750.0
2018-05-30 10:28:23.135633,1023.0,2.5,0.0,12000.0,0.0,750.0
2018-05-30 10:28:23.336452,1023.0,2.5,0.0,12000.0,0.0,750.0
2018-05-30 10:28:23.537271,1023.0,2.5,0.0,12000.0,0.0,750.0
2018-05-30 10:28:23.738091,1023.0,2.5,0.0,12000.0,0.0,750.0
2018-05-30 10:28:23.939909,1023.0,2.5,0.0,12000.0,0.0,750.0
2018-05-30 10:28:24.140728,1023.0,2.5,0.0,12000.0,0.0,750.0
2018-05-30 10:28:24.341547,1023.0,2.5,0.0,12000.0,0.0,750.0
2018-05-30 10:28:24.542366,1023.0,2.5,0.0,12000.0,0.0,750.0
2018-05-30 10:28:24.743185,1023.0,2.5,0.0,12000.0,0.0,750.0
2018-05-30 10:28:24.944004,1023.0,2.5,0.0,12000.0,0.0,750.0
2018-05-30 10:28:25.144823,1023.0,2.5,0.0,12000.0,0.0,750.0
2018-05-30 10:28:25.345642,1023.0,2.5,0.0,12000.0,0.0,750.0
2018-05-30 10:28:25.550458,1023.0,2.5,0.0,12000.0,0.0,750.0
2018-05-30 10:28:25.751277,1023.0,2.5,0.0,12000.0,0.0,750.0
2018-05-30 10:28:25.952096,1023.0,2.5,0.0,12000.0,0.0,750.0
2018-05-30 10:28:26.152915,1023.0,2.5,0.0,12000.0,0.0,750.0
2018-05-30 10:28:26.353734,1023.0,2.5,0.0,12000.0,0.0,750.0
2018-05-30 10:28:26.554553,1023.0,2.5,0.0,12000.0,0.0,750.0
2018-05-30 10:28:26.755373,1023.0,2.5,0.0,12000.0,0.0,750.0
2018-05-30 10:28:26.956192,1023.0,2.5,0.0,12000.0,0.0,750.0
2018-05-30 10:28:27.157011,1023.0,2.5,0.0,12000.0,0.0,750.0
2018-05-30 10:28:27.357830,1023.0,2.5,0.0,12000.0,0.0,750.0
2018-05-30 10:28:27.559648,1023.0,2.5,0.0,12000.0,0.0,750.0
2018-05-30 10:28:27.760467,1023.0,2.5,0.0,12000.0,0.0,750.0
2018-05-30 10:28:27.961286,1023.0,2.5,0.0,12000.0,0.0,750.0
2018-05-30 10:28:28.162105,1023.0,2.5,0.0,12000.0,0.0,750.0
2018-05-30 10:28:28.362924,1023.0,2.5,0.0,12000.0,0.0,750.0
2018-05-30 10:28:28.563744,1023.0,2.5,0.0,12000.0,0.0,750.0
2018-05-30 10:28:28.764563,1023.0,2.5,0.0,12000.0,0.0,750.0
2018-05-30 10:28:28.965382,1023.0,2.5,0.0,12000.0,0.0,750.0
2018-05-30 10:28:29.166201,1023.0,2.5,0.0,12000.0,0.0,750.0
2018-05-30 10:28:29.368019,1023.0,2.5,0.0,12000.0,0.0,750.0
2018-05-30 10:28:29.569837,1023.0,2.5,0.0,12000.0,0.0,750.0
2018-05-30 10:28:29.774653,1023.0,2.5,0.0,12000.0,0.0,750.0
2018-05-30 10:28:29.978469,1023.0,2.5,0.0,12000.0,0.0,750.0
2018-05-30 10:28:30.178289,1023.0,2.5,0.0,12000.0,0.0,750.0
2018-05-30 10:28:30.379108,1023.0,2.5,0.0,12000.0,0.0,750.0
2018-05-30 10:28:30.579927,1023.0,2.5,0.0,12000.0,0.0,750.0
2018-05-30 10:28:30.780746,1023.0,2.5,0.0,12000.0,0.0,750.0
2018-05-30 10:28:30.981566,1023.0,2.5,0.0,12000.0,0.0,750.0
2018-05-30 10:28:31.182385,1023.0,2.5,0.0,12000.0,0.0,750.0
2018-05-30 10:28:31.383204,1023.0,2.5,0.0,12000.0,0.0,750.0
2018-05-30 10:28:31.587020,1023.0,2.5,0.0,12000.0,0.0,750.0
2018-05-30 10:28:31.787839,1023.0,2.5,0.0,12000.0,0.0,750.0
2018-05-30 10:28:31.988658,1023.0,2.5,0.0,12000.0,0.0,750.0
2018-05-30 10:28:32.190477,1023.0,2.5,0.0,12000.0,0.0,750.0
2018-05-30 10:28:32.390297,1023.0,2.5,0.0,12000.0,0.0,750.0
2018-05-30 10:28:32.591116,1023.0,2.5,0.0,12000.0,0.0,750.0
2018-05-30 10:28:32.791935,1023.0,2.5,0.0,12000.0,0.0,750.0
2018-05-30 10:28:32.992754,1023.0,2.5,0.0,12000.0,0.0,750.0
2018-05-30 10:28:33.195571,1023.0,2.5,0.0,12000.0,0.0,750.0
2018-05-30 10:28:33.396390,1023.0,2.5,0.0,12000.0,0.0,750.0
2018-05-30 10:28:33.597209,1023.0,2.5,0.0,12000.0,0.0,750.0
2018-05-30 10:28:33.798028,1023.0,2.5,0.0,12000.0,0.0,750.0
2018-05-30 10:28:34.001845,1023.0,2.5,0.0,12000.0,0.0,750.0
2018-05-30 10:28:34.202664,1023.0,2.5,0.0,12000.0,0.0,750.0
2018-05-30 10:28:34.403483,1023.0,2.5,0.0,12000.0,0.0,750.0
2018-05-30 10:28:34.605301,1023.0,2.5,0.0,12000.0,0.0,750.0
2018-05-30 10:28:34.806120,1023.0,2.5,0.0,12000.0,0.0,750.0
2018-05-30 10:28:35.006939,1023.0,2.5,0.0,12000.0,0.0,750.0
2018-05-30 10:28:35.207759,1023.0,2.5,0.0,12000.0,0.0,750.0
2018-05-30 10:28:35.408578,1023.0,2.5,0.0,12000.0,0.0,750.0
2018-05-30 10:28:35.610396,1023.0,2.5,0.0,12000.0,0.0,750.0
2018-05-30 10:28:35.811215,1023.0,2.5,0.0,12000.0,0.0,750.0
2018-05-30 10:28:36.014032,1023.0,2.5,0.0,12000.0,0.0,750.0
2018-05-30 10:28:36.215850,1023.0,2.5,0.0,12000.0,0.0,750.0
2018-05-30 10:28:36.416670,1023.0,2.5,0.0,12000.0,0.0,750.0
2018-05-30 10:28:36.621485,1023.0,2.5,0.0,12000.0,0.0,750.0
2018-05-30 10:28:36.822304,1023.0,2.5,0.0,12000.0,0.0,750.0
2018-05-30 10:28:37.023123,1023.0,2.5,0.0,12000.0,0.0,750.0
2018-05-30 10:28:37.228938,1023.0,2.5,0.0,12000.0,0.0,750.0
2018-05-30 10:28:37.429757,1023.0,2.5,0.0,12000.0,0.0,750.0
2018-05-30 10:28:37.630576,1023.0,2.5,0.0,12000.0,0.0,750.0
2018-05-30 10:28:37.831395,1023.0,2.5,0.0,12000.0,0.0,750.0
2018-05-30 10:28:38.032214,1023.0,2.5,0.0,12000.0,0.0,750.0
2018-05-30 10:28:38.233033,1023.0,2.5,0.0,12000.0,0.0,750.0
2018-05-30 10:28:38.433852,1023.0,2.5,0.0,12000.0,0.0,750.0
2018-05-30 10:28:38.644663,1023.0,2.5,0.0,12000.0,0.0,750.0
2018-05-30 10:28:38.845482,1023.0,2.5,0.0,12000.0,0.0,750.0
2018-05-30 10:28:39.106247,1023.0,2.5,0.0,12000.0,0.0,750.0
2018-05-30 10:28:39.307066,1023.0,2.5,0.0,12000.0,0.0,750.0
2018-05-30 10:28:39.507885,1023.0,2.5,0.0,12000.0,0.0,750.0
2018-05-30 10:28:39.773646,1023.0,2.5,0.0,12000.0,0.0,750.0
2018-05-30 10:28:39.974465,1023.0,2.5,0.0,12000.0,0.0,750.0
2018-05-30 10:28:40.175284,1023.0,2.5,0.0,12000.0,0.0,750.0
2018-05-30 10:28:40.385095,1023.0,2.5,0.0,12000.0,0.0,750.0
2018-05-30 10:28:40.609892,1023.0,2.5,0.0,12000.0,0.0,750.0
2018-05-30 10:28:40.791728,1023.0,2.5,0.0,12000.0,0.0,750.0
2018-05-30 10:28:40.999541,1023.0,2.5,0.0,12000.0,0.0,750.0
2018-05-30 10:28:41.201359,1023.0,2.5,0.0,12000.0,0.0,750.0
2018-05-30 10:28:41.426157,1023.0,2.5,0.0,12000.0,0.0,750.0
2018-05-30 10:28:41.632971,1023.0,2.5,0.0,12000.0,0.0,750.0
2018-05-30 10:28:41.894735,1023.0,2.5,0.0,12000.0,0.0,750.0
2018-05-30 10:28:42.095554,1023.0,2.5,0.0,12000.0,0.0,750.0
2018-05-30 10:28:42.305365,1023.0,2.5,0.0,12000.0,0.0,750.0
2018-05-30 10:28:42.506184,1023.0,2.5,0.0,12000.0,0.0,750.0
2018-05-30 10:28:42.707003,1023.0,2.5,0.0,12000.0,0.0,750.0
2018-05-30 10:28:42.912818,1023.0,2.5,0.0,12000.0,0.0,750.0
2018-05-30 10:28:43.117633,1023.0,2.5,0.0,12000.0,0.0,750.0
2018-05-30 10:28:43.317453,1023.0,2.5,0.0,12000.0,0.0,750.0
2018-05-30 10:28:43.521270,1023.0,2.5,0.0,12000.0,0.0,750.0
2018-05-30 10:28:43.722089,1023.0,2.5,0.0,12000.0,0.0,750.0
2018-05-30 10:28:43.923907,1023.0,2.5,0.0,12000.0,0.0,750.0
2018-05-30 10:28:44.128722,1023.0,2.5,0.0,12000.0,0.0,750.0
2018-05-30 10:28:44.329542,1023.0,2.5,0.0,12000.0,0.0,750.0
2018-05-30 10:28:44.530361,1023.0,2.5,0.0,12000.0,0.0,750.0
2018-05-30 10:28:44.733178,1023.0,2.5,0.0,12000.0,0.0,750.0
2018-05-30 10:28:44.934996,1023.0,2.5,0.0,12000.0,0.0,750.0
2018-05-30 10:28:45.135815,1023.0,2.5,0.0,12000.0,0.0,750.0
2018-05-30 10:28:45.340631,1023.0,2.5,0.0,12000.0,0.0,750.0
2018-05-30 10:28:45.541450,1023.0,2.5,0.0,12000.0,0.0,750.0
2018-05-30 10:28:45.742269,1023.0,2.5,0.0,12000.0,0.0,750.0
2018-05-30 10:28:45.948084,1023.0,2.5,0.0,12000.0,0.0,750.0
2018-05-30 10:28:46.148903,1023.0,2.5,0.0,12000.0,0.0,750.0
2018-05-30 10:28:46.349722,1023.0,2.5,0.0,12000.0,0.0,750.0
2018-05-30 10:28:46.552539,1023.0,2.5,0.0,12000.0,0.0,750.0
2018-05-30 10:28:46.754357,1023.0,2.5,0.0,12000.0,0.0,750.0
2018-05-30 10:28:46.957175,1023.0,2.5,0.0,12000.0,0.0,750.0
2018-05-30 10:28:47.158993,1023.0,2.5,0.0,12000.0,0.0,750.0
2018-05-30 10:28:47.359812,1023.0,2.5,0.0,12000.0,0.0,750.0
2018-05-30 10:28:47.564627,1023.0,2.5,0.0,12000.0,0.0,750.0
2018-05-30 10:28:47.789425,1023.0,2.5,0.0,12000.0,0.0,750.0
2018-05-30 10:28:47.990244,1023.0,2.5,0.0,12000.0,0.0,750.0
2018-05-30 10:28:48.193061,1023.0,2.5,0.0,12000.0,0.0,750.0
2018-05-30 10:28:48.397877,1023.0,2.5,0.0,12000.0,0.0,750.0
2018-05-30 10:28:48.598696,1023.0,2.5,0.0,12000.0,0.0,750.0
2018-05-30 10:28:49.699704,1023.0,2.5,0.0,12000.0,0.0,750.0
2018-05-30 10:28:49.751657,1023.0,2.5,0.0,12000.0,0.0,750.0
2018-05-30 10:28:49.760649,1023.0,2.5,0.0,12000.0,0.0,750.0
2018-05-30 10:28:49.770640,1023.0,2.5,0.0,12000.0,0.0,750.0
2018-05-30 10:28:49.821594,1023.0,2.5,0.0,12000.0,0.0,750.0
2018-05-30 10:28:49.838579,1023.0,2.5,0.0,12000.0,0.0,750.0
2018-05-30 10:28:50.022413,1023.0,2.5,0.0,12000.0,0.0,750.0
2018-05-30 10:28:50.227229,1023.0,2.5,0.0,12000.0,0.0,750.0
2018-05-30 10:28:50.428048,1023.0,2.5,0.0,12000.0,0.0,750.0
2018-05-30 10:28:50.628867,1023.0,2.5,0.0,12000.0,0.0,750.0
2018-05-30 10:28:50.831684,1023.0,2.5,0.0,12000.0,0.0,750.0
2018-05-30 10:28:51.032503,1023.0,2.5,0.0,12000.0,0.0,750.0
2018-05-30 10:28:51.233323,1023.0,2.5,0.0,12000.0,0.0,750.0
2018-05-30 10:28:51.438138,1023.0,2.5,0.0,12000.0,0.0,750.0
2018-05-30 10:28:51.638957,1023.0,2.5,0.0,12000.0,0.0,750.0
2018-05-30 10:28:51.841774,1023.0,2.5,0.0,12000.0,0.0,750.0
2018-05-30 10:28:52.043593,1023.0,2.5,0.0,12000.0,0.0,750.0
2018-05-30 10:28:52.244412,1023.0,2.5,0.0,12000.0,0.0,750.0
2018-05-30 10:28:52.447229,1023.0,2.5,0.0,12000.0,0.0,750.0
2018-05-30 10:28:52.651045,1023.0,2.5,0.0,12000.0,0.0,750.0
2018-05-30 10:28:52.851865,1023.0,2.5,0.0,12000.0,0.0,750.0
2018-05-30 10:28:53.052684,1023.0,2.5,0.0,12000.0,0.0,750.0
2018-05-30 10:28:53.255501,1023.0,2.5,0.0,12000.0,0.0,750.0
2018-05-30 10:28:53.456320,1023.0,2.5,0.0,12000.0,0.0,750.0
2018-05-30 10:28:53.657139,1023.0,2.5,0.0,12000.0,0.0,750.0
2018-05-30 10:28:53.862954,1023.0,2.5,0.0,12000.0,0.0,750.0
2018-05-30 10:28:54.064772,1023.0,2.5,0.0,12000.0,0.0,750.0
2018-05-30 10:28:54.266590,1023.0,2.5,0.0,12000.0,0.0,750.0
2018-05-30 10:28:54.470407,1023.0,2.5,0.0,12000.0,0.0,750.0
2018-05-30 10:28:54.670227,1023.0,2.5,0.0,12000.0,0.0,750.0
2018-05-30 10:28:54.871046,1023.0,2.5,0.0,12000.0,0.0,750.0
2018-05-30 10:28:55.077859,1023.0,2.5,0.0,12000.0,0.0,750.0
2018-05-30 10:28:55.274682,1023.0,2.5,0.0,12000.0,0.0,750.0
2018-05-30 10:28:55.475501,1023.0,2.5,0.0,12000.0,0.0,750.0
2018-05-30 10:28:55.685312,1023.0,2.5,0.0,12000.0,0.0,750.0
2018-05-30 10:28:55.882135,1023.0,2.5,0.0,12000.0,0.0,750.0
2018-05-30 10:28:56.082954,1023.0,2.5,0.0,12000.0,0.0,750.0
2018-05-30 10:28:56.284772,1023.0,2.5,0.0,12000.0,0.0,750.0
2018-05-30 10:28:56.488589,1023.0,2.5,0.0,12000.0,0.0,750.0
2018-05-30 10:28:56.689408,1023.0,2.5,0.0,12000.0,0.0,750.0
2018-05-30 10:28:56.893224,1023.0,2.5,0.0,12000.0,0.0,750.0
2018-05-30 10:28:57.096041,1023.0,2.5,0.0,12000.0,0.0,750.0
2018-05-30 10:28:57.296860,1023.0,2.5,0.0,12000.0,0.0,750.0
2018-05-30 10:28:57.498679,1023.0,2.5,0.0,12000.0,0.0,750.0
2018-05-30 10:28:57.699498,1023.0,2.5,0.0,12000.0,0.0,750.0
2018-05-30 10:28:57.900317,1023.0,2.5,0.0,12000.0,0.0,750.0
2018-05-30 10:28:58.107131,1023.0,2.5,0.0,12000.0,0.0,750.0
2018-05-30 10:28:58.308949,1023.0,2.5,0.0,12000.0,0.0,750.0
