datetime,IP1,FC1,Volt FC1 ,Vtip,Itip,BV1
2018-05-29 17:59:13.216622,1023.0,2.5,0.0,12000.0,0.0,750.0
2018-05-29 17:59:13.368744,1023.0,2.5,0.0,12000.0,0.0,750.0
2018-05-29 17:59:13.574908,1023.0,2.5,0.0,12000.0,0.0,750.0
2018-05-29 17:59:13.778071,1023.0,2.5,0.0,12000.0,0.0,750.0
2018-05-29 17:59:13.982234,1023.0,2.5,0.0,12000.0,0.0,750.0
2018-05-29 17:59:14.184396,1023.0,2.5,0.0,12000.0,0.0,750.0
2018-05-29 17:59:14.384556,1023.0,2.5,0.0,12000.0,0.0,750.0
2018-05-29 17:59:14.586717,1023.0,2.5,0.0,12000.0,0.0,750.0
2018-05-29 17:59:14.788879,1023.0,2.5,0.0,12000.0,0.0,750.0
2018-05-29 17:59:14.989039,1023.0,2.5,0.0,12000.0,0.0,750.0
2018-05-29 17:59:15.298286,1023.0,2.5,0.0,12000.0,0.0,750.0
2018-05-29 17:59:15.399367,1023.0,2.5,0.0,12000.0,0.0,750.0
2018-05-29 17:59:15.600528,1023.0,2.5,0.0,12000.0,0.0,750.0
2018-05-29 17:59:15.803690,1023.0,2.5,0.0,12000.0,0.0,750.0
2018-05-29 17:59:16.003850,1023.0,2.5,0.0,12000.0,0.0,750.0
2018-05-29 17:59:16.205011,1023.0,2.5,0.0,12000.0,0.0,750.0
2018-05-29 17:59:16.406172,1023.0,2.5,0.0,12000.0,0.0,750.0
2018-05-29 17:59:16.607332,1023.0,2.5,0.0,12000.0,0.0,750.0
2018-05-29 17:59:16.808493,1023.0,2.5,0.0,12000.0,0.0,750.0
2018-05-29 17:59:17.009654,1023.0,2.5,0.0,12000.0,0.0,750.0
2018-05-29 17:59:17.210815,1023.0,2.5,0.0,12000.0,0.0,750.0
2018-05-29 17:59:17.411976,1023.0,2.5,0.0,12000.0,0.0,750.0
2018-05-29 17:59:17.613136,1023.0,2.5,0.0,12000.0,0.0,750.0
2018-05-29 17:59:17.814297,1023.0,2.5,0.0,12000.0,0.0,750.0
2018-05-29 17:59:18.016459,1023.0,2.5,0.0,12000.0,0.0,750.0
2018-05-29 17:59:18.217620,1023.0,2.5,0.0,12000.0,0.0,750.0
2018-05-29 17:59:18.418780,1023.0,2.5,0.0,12000.0,0.0,750.0
2018-05-29 17:59:18.619941,1023.0,2.5,0.0,12000.0,0.0,750.0
2018-05-29 17:59:18.822103,1023.0,2.5,0.0,12000.0,0.0,750.0
2018-05-29 17:59:19.023264,1023.0,2.5,0.0,12000.0,0.0,750.0
2018-05-29 17:59:19.226426,1023.0,2.5,0.0,12000.0,0.0,750.0
2018-05-29 17:59:19.427587,1023.0,2.5,0.0,12000.0,0.0,750.0
2018-05-29 17:59:19.628748,1023.0,2.5,0.0,12000.0,0.0,750.0
2018-05-29 17:59:19.829908,1023.0,2.5,0.0,12000.0,0.0,750.0
2018-05-29 17:59:20.031069,1023.0,2.5,0.0,12000.0,0.0,750.0
2018-05-29 17:59:20.232230,1023.0,2.5,0.0,12000.0,0.0,750.0
2018-05-29 17:59:20.433391,1023.0,2.5,0.0,12000.0,0.0,750.0
2018-05-29 17:59:20.634552,1023.0,2.5,0.0,12000.0,0.0,750.0
2018-05-29 17:59:20.835712,1023.0,2.5,0.0,12000.0,0.0,750.0
2018-05-29 17:59:21.037874,1023.0,2.5,0.0,12000.0,0.0,750.0
2018-05-29 17:59:21.239035,1023.0,2.5,0.0,12000.0,0.0,750.0
2018-05-29 17:59:21.440196,1023.0,2.5,0.0,12000.0,0.0,750.0
2018-05-29 17:59:21.641356,1023.0,2.5,0.0,12000.0,0.0,750.0
2018-05-29 17:59:21.842517,1023.0,2.5,0.0,12000.0,0.0,750.0
2018-05-29 17:59:22.043678,1023.0,2.5,0.0,12000.0,0.0,750.0
2018-05-29 17:59:22.244839,1023.0,2.5,0.0,12000.0,0.0,750.0
2018-05-29 17:59:22.446000,1023.0,2.5,0.0,12000.0,0.0,750.0
2018-05-29 17:59:22.647160,1023.0,2.5,0.0,12000.0,0.0,750.0
2018-05-29 17:59:22.848321,1023.0,2.5,0.0,12000.0,0.0,750.0
2018-05-29 17:59:23.049482,1023.0,2.5,0.0,12000.0,0.0,750.0
2018-05-29 17:59:23.250643,1023.0,2.5,0.0,12000.0,0.0,750.0
2018-05-29 17:59:23.451804,1023.0,2.5,0.0,12000.0,0.0,750.0
2018-05-29 17:59:23.652964,1023.0,2.5,0.0,12000.0,0.0,750.0
2018-05-29 17:59:23.854125,1023.0,2.5,0.0,12000.0,0.0,750.0
2018-05-29 17:59:24.055286,1023.0,2.5,0.0,12000.0,0.0,750.0
2018-05-29 17:59:24.256447,1023.0,2.5,0.0,12000.0,0.0,750.0
2018-05-29 17:59:24.458608,1023.0,2.5,0.0,12000.0,0.0,750.0
2018-05-29 17:59:24.659769,1023.0,2.5,0.0,12000.0,0.0,750.0
2018-05-29 17:59:24.860930,1023.0,2.5,0.0,12000.0,0.0,750.0
2018-05-29 17:59:25.063092,1023.0,2.5,0.0,12000.0,0.0,750.0
2018-05-29 17:59:25.264252,1023.0,2.5,0.0,12000.0,0.0,750.0
2018-05-29 17:59:25.465413,1023.0,2.5,0.0,12000.0,0.0,750.0
2018-05-29 17:59:25.666574,1023.0,2.5,0.0,12000.0,0.0,750.0
2018-05-29 17:59:25.868736,1023.0,2.5,0.0,12000.0,0.0,750.0
2018-05-29 17:59:26.069896,1023.0,2.5,0.0,12000.0,0.0,750.0
2018-05-29 17:59:26.271057,1023.0,2.5,0.0,12000.0,0.0,750.0
2018-05-29 17:59:26.472218,1023.0,2.5,0.0,12000.0,0.0,750.0
2018-05-29 17:59:26.674380,1023.0,2.5,0.0,12000.0,0.0,750.0
2018-05-29 17:59:26.875540,1023.0,2.5,0.0,12000.0,0.0,750.0
2018-05-29 17:59:27.077702,1023.0,2.5,0.0,12000.0,0.0,750.0
2018-05-29 17:59:27.278863,1023.0,2.5,0.0,12000.0,0.0,750.0
2018-05-29 17:59:27.480024,1023.0,2.5,0.0,12000.0,0.0,750.0
2018-05-29 17:59:27.681184,1023.0,2.5,0.0,12000.0,0.0,750.0
2018-05-29 17:59:27.882345,1023.0,2.5,0.0,12000.0,0.0,750.0
2018-05-29 17:59:28.084507,1023.0,2.5,0.0,12000.0,0.0,750.0
2018-05-29 17:59:28.284667,1023.0,2.5,0.0,12000.0,0.0,750.0
2018-05-29 17:59:28.486828,1023.0,2.5,0.0,12000.0,0.0,750.0
2018-05-29 17:59:28.687989,1023.0,2.5,0.0,12000.0,0.0,750.0
2018-05-29 17:59:28.889150,1023.0,2.5,0.0,12000.0,0.0,750.0
2018-05-29 17:59:29.090311,1023.0,2.5,0.0,12000.0,0.0,750.0
2018-05-29 17:59:29.291472,1023.0,2.5,0.0,12000.0,0.0,750.0
2018-05-29 17:59:29.492632,1023.0,2.5,0.0,12000.0,0.0,750.0
2018-05-29 17:59:29.693793,1023.0,2.5,0.0,12000.0,0.0,750.0
2018-05-29 17:59:29.895955,1023.0,2.5,0.0,12000.0,0.0,750.0
2018-05-29 17:59:30.109125,1023.0,2.5,0.0,12000.0,0.0,750.0
2018-05-29 17:59:30.310286,1023.0,2.5,0.0,12000.0,0.0,750.0
2018-05-29 17:59:30.511447,1023.0,2.5,0.0,12000.0,0.0,750.0
2018-05-29 17:59:30.713608,1023.0,2.5,0.0,12000.0,0.0,750.0
2018-05-29 17:59:30.914769,1023.0,2.5,0.0,12000.0,0.0,750.0
2018-05-29 17:59:31.116931,1023.0,2.5,0.0,12000.0,0.0,750.0
2018-05-29 17:59:31.318092,1023.0,2.5,0.0,12000.0,0.0,750.0
2018-05-29 17:59:31.519252,1023.0,2.5,0.0,12000.0,0.0,750.0
2018-05-29 17:59:31.720413,1023.0,2.5,0.0,12000.0,0.0,750.0
2018-05-29 17:59:31.921574,1023.0,2.5,0.0,12000.0,0.0,750.0
2018-05-29 17:59:32.122735,1023.0,2.5,0.0,12000.0,0.0,750.0
2018-05-29 17:59:32.323896,1023.0,2.5,0.0,12000.0,0.0,750.0
2018-05-29 17:59:32.525056,1023.0,2.5,0.0,12000.0,0.0,750.0
2018-05-29 17:59:32.726217,1023.0,2.5,0.0,12000.0,0.0,750.0
2018-05-29 17:59:32.927378,1023.0,2.5,0.0,12000.0,0.0,750.0
2018-05-29 17:59:33.128539,1023.0,2.5,0.0,12000.0,0.0,750.0
2018-05-29 17:59:33.330700,1023.0,2.5,0.0,12000.0,0.0,750.0
2018-05-29 17:59:33.531861,1023.0,2.5,0.0,12000.0,0.0,750.0
2018-05-29 17:59:33.733022,1023.0,2.5,0.0,12000.0,0.0,750.0
2018-05-29 17:59:33.935184,1023.0,2.5,0.0,12000.0,0.0,750.0
2018-05-29 17:59:34.137345,1023.0,2.5,0.0,12000.0,0.0,750.0
2018-05-29 17:59:34.338506,1023.0,2.5,0.0,12000.0,0.0,750.0
2018-05-29 17:59:34.539667,1023.0,2.5,0.0,12000.0,0.0,750.0
2018-05-29 17:59:34.740828,1023.0,2.5,0.0,12000.0,0.0,750.0
2018-05-29 17:59:34.941988,1023.0,2.5,0.0,12000.0,0.0,750.0
2018-05-29 17:59:35.143149,1023.0,2.5,0.0,12000.0,0.0,750.0
2018-05-29 17:59:35.344310,1023.0,2.5,0.0,12000.0,0.0,750.0
2018-05-29 17:59:35.545471,1023.0,2.5,0.0,12000.0,0.0,750.0
2018-05-29 17:59:35.747632,1023.0,2.5,0.0,12000.0,0.0,750.0
2018-05-29 17:59:35.948793,1023.0,2.5,0.0,12000.0,0.0,750.0
2018-05-29 17:59:36.156960,1023.0,2.5,0.0,12000.0,0.0,750.0
2018-05-29 17:59:36.358120,1023.0,2.5,0.0,12000.0,0.0,750.0
2018-05-29 17:59:36.559281,1023.0,2.5,0.0,12000.0,0.0,750.0
2018-05-29 17:59:36.760442,1023.0,2.5,0.0,12000.0,0.0,750.0
2018-05-29 17:59:36.964605,1023.0,2.5,0.0,12000.0,0.0,750.0
2018-05-29 17:59:37.165766,1023.0,2.5,0.0,12000.0,0.0,750.0
2018-05-29 17:59:37.366927,1023.0,2.5,0.0,12000.0,0.0,750.0
2018-05-29 17:59:37.568088,1023.0,2.5,0.0,12000.0,0.0,750.0
2018-05-29 17:59:37.770249,1023.0,2.5,0.0,12000.0,0.0,750.0
2018-05-29 17:59:37.971410,1023.0,2.5,0.0,12000.0,0.0,750.0
2018-05-29 17:59:38.172571,1023.0,2.5,0.0,12000.0,0.0,750.0
2018-05-29 17:59:38.374732,1023.0,2.5,0.0,12000.0,0.0,750.0
2018-05-29 17:59:38.577895,1023.0,2.5,0.0,12000.0,0.0,750.0
2018-05-29 17:59:38.779056,1023.0,2.5,0.0,12000.0,0.0,750.0
2018-05-29 17:59:38.980216,1023.0,2.5,0.0,12000.0,0.0,750.0
2018-05-29 17:59:39.181377,1023.0,2.5,0.0,12000.0,0.0,750.0
2018-05-29 17:59:39.382538,1023.0,2.5,0.0,12000.0,0.0,750.0
2018-05-29 17:59:39.583699,1023.0,2.5,0.0,12000.0,0.0,750.0
2018-05-29 17:59:39.784860,1023.0,2.5,0.0,12000.0,0.0,750.0
2018-05-29 17:59:39.989023,1023.0,2.5,0.0,12000.0,0.0,750.0
2018-05-29 17:59:40.190184,1023.0,2.5,0.0,12000.0,0.0,750.0
2018-05-29 17:59:40.393346,1023.0,2.5,0.0,12000.0,0.0,750.0
2018-05-29 17:59:40.593506,1023.0,2.5,0.0,12000.0,0.0,750.0
2018-05-29 17:59:40.794667,1023.0,2.5,0.0,12000.0,0.0,750.0
2018-05-29 17:59:40.995828,1023.0,2.5,0.0,12000.0,0.0,750.0
2018-05-29 17:59:41.196988,1023.0,2.5,0.0,12000.0,0.0,750.0
2018-05-29 17:59:41.398149,1023.0,2.5,0.0,12000.0,0.0,750.0
2018-05-29 17:59:41.600311,1023.0,2.5,0.0,12000.0,0.0,750.0
2018-05-29 17:59:41.801472,1023.0,2.5,0.0,12000.0,0.0,750.0
2018-05-29 17:59:42.002632,1023.0,2.5,0.0,12000.0,0.0,750.0
2018-05-29 17:59:42.203793,1023.0,2.5,0.0,12000.0,0.0,750.0
2018-05-29 17:59:42.439982,1023.0,2.5,0.0,12000.0,0.0,750.0
2018-05-29 17:59:42.642144,1023.0,2.5,0.0,12000.0,0.0,750.0
2018-05-29 17:59:42.844305,1023.0,2.5,0.0,12000.0,0.0,750.0
2018-05-29 17:59:43.048468,1023.0,2.5,0.0,12000.0,0.0,750.0
2018-05-29 17:59:43.248628,1023.0,2.5,0.0,12000.0,0.0,750.0
2018-05-29 17:59:43.449789,1023.0,2.5,0.0,12000.0,0.0,750.0
2018-05-29 17:59:43.650950,1023.0,2.5,0.0,12000.0,0.0,750.0
2018-05-29 17:59:43.852111,1023.0,2.5,0.0,12000.0,0.0,750.0
2018-05-29 17:59:44.053272,1023.0,2.5,0.0,12000.0,0.0,750.0
2018-05-29 17:59:44.254432,1023.0,2.5,0.0,12000.0,0.0,750.0
2018-05-29 17:59:44.458596,1023.0,2.5,0.0,12000.0,0.0,750.0
2018-05-29 17:59:44.660757,1023.0,2.5,0.0,12000.0,0.0,750.0
2018-05-29 17:59:44.861918,1023.0,2.5,0.0,12000.0,0.0,750.0
2018-05-29 17:59:45.063079,1023.0,2.5,0.0,12000.0,0.0,750.0
2018-05-29 17:59:45.264240,1023.0,2.5,0.0,12000.0,0.0,750.0
2018-05-29 17:59:45.465400,1023.0,2.5,0.0,12000.0,0.0,750.0
2018-05-29 17:59:45.666561,1023.0,2.5,0.0,12000.0,0.0,750.0
2018-05-29 17:59:45.867722,1023.0,2.5,0.0,12000.0,0.0,750.0
2018-05-29 17:59:46.068883,1023.0,2.5,0.0,12000.0,0.0,750.0
2018-05-29 17:59:46.282053,1023.0,2.5,0.0,12000.0,0.0,750.0
2018-05-29 17:59:46.483214,1023.0,2.5,0.0,12000.0,0.0,750.0
2018-05-29 17:59:46.684375,1023.0,2.5,0.0,12000.0,0.0,750.0
2018-05-29 17:59:46.885536,1023.0,2.5,0.0,12000.0,0.0,750.0
2018-05-29 17:59:47.092701,1023.0,2.5,0.0,12000.0,0.0,750.0
2018-05-29 17:59:47.293862,1023.0,2.5,0.0,12000.0,0.0,750.0
2018-05-29 17:59:47.497024,1023.0,2.5,0.0,12000.0,0.0,750.0
2018-05-29 17:59:47.698185,1023.0,2.5,0.0,12000.0,0.0,750.0
2018-05-29 17:59:47.899346,1023.0,2.5,0.0,12000.0,0.0,750.0
2018-05-29 17:59:48.100507,1023.0,2.5,0.0,12000.0,0.0,750.0
2018-05-29 17:59:48.301668,1023.0,2.5,0.0,12000.0,0.0,750.0
2018-05-29 17:59:48.502828,1023.0,2.5,0.0,12000.0,0.0,750.0
2018-05-29 17:59:48.704990,1023.0,2.5,0.0,12000.0,0.0,750.0
2018-05-29 17:59:48.906151,1023.0,2.5,0.0,12000.0,0.0,750.0
2018-05-29 17:59:49.107312,1023.0,2.5,0.0,12000.0,0.0,750.0
2018-05-29 17:59:49.308472,1023.0,2.5,0.0,12000.0,0.0,750.0
2018-05-29 17:59:49.510634,1023.0,2.5,0.0,12000.0,0.0,750.0
2018-05-29 17:59:49.711795,1023.0,2.5,0.0,12000.0,0.0,750.0
2018-05-29 17:59:49.912956,1023.0,2.5,0.0,12000.0,0.0,750.0
2018-05-29 17:59:50.114116,1023.0,2.5,0.0,12000.0,0.0,750.0
2018-05-29 17:59:50.315277,1023.0,2.5,0.0,12000.0,0.0,750.0
2018-05-29 17:59:50.516438,1023.0,2.5,0.0,12000.0,0.0,750.0
2018-05-29 17:59:50.717599,1023.0,2.5,0.0,12000.0,0.0,750.0
2018-05-29 17:59:50.918760,1023.0,2.5,0.0,12000.0,0.0,750.0
2018-05-29 17:59:51.119920,1023.0,2.5,0.0,12000.0,0.0,750.0
2018-05-29 17:59:51.328087,1023.0,2.5,0.0,12000.0,0.0,750.0
2018-05-29 17:59:51.529248,1023.0,2.5,0.0,12000.0,0.0,750.0
2018-05-29 17:59:51.730408,1023.0,2.5,0.0,12000.0,0.0,750.0
2018-05-29 17:59:51.931569,1023.0,2.5,0.0,12000.0,0.0,750.0
2018-05-29 17:59:52.132730,1023.0,2.5,0.0,12000.0,0.0,750.0
2018-05-29 17:59:52.333891,1023.0,2.5,0.0,12000.0,0.0,750.0
2018-05-29 17:59:52.535052,1023.0,2.5,0.0,12000.0,0.0,750.0
2018-05-29 17:59:52.736212,1023.0,2.5,0.0,12000.0,0.0,750.0
2018-05-29 17:59:52.937373,1023.0,2.5,0.0,12000.0,0.0,750.0
2018-05-29 17:59:53.138534,1023.0,2.5,0.0,12000.0,0.0,750.0
2018-05-29 17:59:53.340696,1023.0,2.5,0.0,12000.0,0.0,750.0
2018-05-29 17:59:53.541856,1023.0,2.5,0.0,12000.0,0.0,750.0
2018-05-29 17:59:53.743017,1023.0,2.5,0.0,12000.0,0.0,750.0
2018-05-29 17:59:53.944178,1023.0,2.5,0.0,12000.0,0.0,750.0
2018-05-29 17:59:54.145339,1023.0,2.5,0.0,12000.0,0.0,750.0
2018-05-29 17:59:54.347500,1023.0,2.5,0.0,12000.0,0.0,750.0
2018-05-29 17:59:54.548661,1023.0,2.5,0.0,12000.0,0.0,750.0
2018-05-29 17:59:54.751824,1023.0,2.5,0.0,12000.0,0.0,750.0
2018-05-29 17:59:54.952984,1023.0,2.5,0.0,12000.0,0.0,750.0
2018-05-29 17:59:55.154145,1023.0,2.5,0.0,12000.0,0.0,750.0
2018-05-29 17:59:55.355306,1023.0,2.5,0.0,12000.0,0.0,750.0
2018-05-29 17:59:55.559469,1023.0,2.5,0.0,12000.0,0.0,750.0
2018-05-29 17:59:55.761631,1023.0,2.5,0.0,12000.0,0.0,750.0
2018-05-29 17:59:55.962792,1023.0,2.5,0.0,12000.0,0.0,750.0
2018-05-29 17:59:56.163952,1023.0,2.5,0.0,12000.0,0.0,750.0
2018-05-29 17:59:56.365113,1023.0,2.5,0.0,12000.0,0.0,750.0
2018-05-29 17:59:56.566274,1023.0,2.5,0.0,12000.0,0.0,750.0
2018-05-29 17:59:56.767435,1023.0,2.5,0.0,12000.0,0.0,750.0
2018-05-29 17:59:56.968596,1023.0,2.5,0.0,12000.0,0.0,750.0
2018-05-29 17:59:57.169756,1023.0,2.5,0.0,12000.0,0.0,750.0
2018-05-29 17:59:57.374920,1023.0,2.5,0.0,12000.0,0.0,750.0
2018-05-29 17:59:57.576081,1023.0,2.5,0.0,12000.0,0.0,750.0
2018-05-29 17:59:57.777242,1023.0,2.5,0.0,12000.0,0.0,750.0
2018-05-29 17:59:57.980404,1023.0,2.5,0.0,12000.0,0.0,750.0
2018-05-29 17:59:58.181565,1023.0,2.5,0.0,12000.0,0.0,750.0
2018-05-29 17:59:58.382726,1023.0,2.5,0.0,12000.0,0.0,750.0
2018-05-29 17:59:58.583887,1023.0,2.5,0.0,12000.0,0.0,750.0
2018-05-29 17:59:58.786048,1023.0,2.5,0.0,12000.0,0.0,750.0
2018-05-29 17:59:58.987209,1023.0,2.5,0.0,12000.0,0.0,750.0
2018-05-29 17:59:59.188370,1023.0,2.5,0.0,12000.0,0.0,750.0
2018-05-29 17:59:59.389531,1023.0,2.5,0.0,12000.0,0.0,750.0
2018-05-29 17:59:59.590692,1023.0,2.5,0.0,12000.0,0.0,750.0
2018-05-29 17:59:59.791852,1023.0,2.5,0.0,12000.0,0.0,750.0
2018-05-29 17:59:59.993013,1023.0,2.5,0.0,12000.0,0.0,750.0
2018-05-29 18:00:00.194174,1023.0,2.5,0.0,12000.0,0.0,750.0
2018-05-29 18:00:00.395335,1023.0,2.5,0.0,12000.0,0.0,750.0
2018-05-29 18:00:00.596496,1023.0,2.5,0.0,12000.0,0.0,750.0
2018-05-29 18:00:00.797656,1023.0,2.5,0.0,12000.0,0.0,750.0
2018-05-29 18:00:00.999818,1023.0,2.5,0.0,12000.0,0.0,750.0
2018-05-29 18:00:01.199978,1023.0,2.5,0.0,12000.0,0.0,750.0
2018-05-29 18:00:01.401139,1023.0,2.5,0.0,12000.0,0.0,750.0
2018-05-29 18:00:01.602300,1023.0,2.5,0.0,12000.0,0.0,750.0
2018-05-29 18:00:01.804461,1023.0,2.5,0.0,12000.0,0.0,750.0
2018-05-29 18:00:02.005622,1023.0,2.5,0.0,12000.0,0.0,750.0
2018-05-29 18:00:02.206783,1023.0,2.5,0.0,12000.0,0.0,750.0
2018-05-29 18:00:02.407944,1023.0,2.5,0.0,12000.0,0.0,750.0
2018-05-29 18:00:02.609104,1023.0,2.5,0.0,12000.0,0.0,750.0
2018-05-29 18:00:02.810265,1023.0,2.5,0.0,12000.0,0.0,750.0
2018-05-29 18:00:03.011426,1023.0,2.5,0.0,12000.0,0.0,750.0
2018-05-29 18:00:03.212587,1023.0,2.5,0.0,12000.0,0.0,750.0
2018-05-29 18:00:03.413748,1023.0,2.5,0.0,12000.0,0.0,750.0
2018-05-29 18:00:03.614908,1023.0,2.5,0.0,12000.0,0.0,750.0
2018-05-29 18:00:03.819072,1023.0,2.5,0.0,12000.0,0.0,750.0
2018-05-29 18:00:04.022234,1023.0,2.5,0.0,12000.0,0.0,750.0
2018-05-29 18:00:04.224396,1023.0,2.5,0.0,12000.0,0.0,750.0
2018-05-29 18:00:04.425556,1023.0,2.5,0.0,12000.0,0.0,750.0
2018-05-29 18:00:04.627718,1023.0,2.5,0.0,12000.0,0.0,750.0
2018-05-29 18:00:04.828879,1023.0,2.5,0.0,12000.0,0.0,750.0
2018-05-29 18:00:05.030040,1023.0,2.5,0.0,12000.0,0.0,750.0
2018-05-29 18:00:05.231200,1023.0,2.5,0.0,12000.0,0.0,750.0
2018-05-29 18:00:05.432361,1023.0,2.5,0.0,12000.0,0.0,750.0
2018-05-29 18:00:05.633522,1023.0,2.5,0.0,12000.0,0.0,750.0
2018-05-29 18:00:05.834683,1023.0,2.5,0.0,12000.0,0.0,750.0
2018-05-29 18:00:06.035844,1023.0,2.5,0.0,12000.0,0.0,750.0
2018-05-29 18:00:06.238005,1023.0,2.5,0.0,12000.0,0.0,750.0
2018-05-29 18:00:06.441168,1023.0,2.5,0.0,12000.0,0.0,750.0
2018-05-29 18:00:06.642328,1023.0,2.5,0.0,12000.0,0.0,750.0
2018-05-29 18:00:06.846492,1023.0,2.5,0.0,12000.0,0.0,750.0
2018-05-29 18:00:07.048653,1023.0,2.5,0.0,12000.0,0.0,750.0
2018-05-29 18:00:07.248813,1023.0,2.5,0.0,12000.0,0.0,750.0
2018-05-29 18:00:07.450975,1023.0,2.5,0.0,12000.0,0.0,750.0
2018-05-29 18:00:07.652136,1023.0,2.5,0.0,12000.0,0.0,750.0
2018-05-29 18:00:07.853296,1023.0,2.5,0.0,12000.0,0.0,750.0
2018-05-29 18:00:08.054457,1023.0,2.5,0.0,12000.0,0.0,750.0
2018-05-29 18:00:08.256619,1023.0,2.5,0.0,12000.0,0.0,750.0
2018-05-29 18:00:08.457780,1023.0,2.5,0.0,12000.0,0.0,750.0
2018-05-29 18:00:08.658940,1023.0,2.5,0.0,12000.0,0.0,750.0
2018-05-29 18:00:08.860101,1023.0,2.5,0.0,12000.0,0.0,750.0
2018-05-29 18:00:09.061262,1023.0,2.5,0.0,12000.0,0.0,750.0
2018-05-29 18:00:09.263424,1023.0,2.5,0.0,12000.0,0.0,750.0
2018-05-29 18:00:09.464584,1023.0,2.5,0.0,12000.0,0.0,750.0
2018-05-29 18:00:09.665745,1023.0,2.5,0.0,12000.0,0.0,750.0
2018-05-29 18:00:09.866906,1023.0,2.5,0.0,12000.0,0.0,750.0
2018-05-29 18:00:10.068067,1023.0,2.5,0.0,12000.0,0.0,750.0
2018-05-29 18:00:10.269228,1023.0,2.5,0.0,12000.0,0.0,750.0
2018-05-29 18:00:10.470388,1023.0,2.5,0.0,12000.0,0.0,750.0
2018-05-29 18:00:10.671549,1023.0,2.5,0.0,12000.0,0.0,750.0
2018-05-29 18:00:10.872710,1023.0,2.5,0.0,12000.0,0.0,750.0
2018-05-29 18:00:11.073871,1023.0,2.5,0.0,12000.0,0.0,750.0
2018-05-29 18:00:11.275032,1023.0,2.5,0.0,12000.0,0.0,750.0
2018-05-29 18:00:11.476192,1023.0,2.5,0.0,12000.0,0.0,750.0
2018-05-29 18:00:11.678354,1023.0,2.5,0.0,12000.0,0.0,750.0
2018-05-29 18:00:11.879515,1023.0,2.5,0.0,12000.0,0.0,750.0
2018-05-29 18:00:12.080676,1023.0,2.5,0.0,12000.0,0.0,750.0
2018-05-29 18:00:12.281836,1023.0,2.5,0.0,12000.0,0.0,750.0
2018-05-29 18:00:12.487000,1023.0,2.5,0.0,12000.0,0.0,750.0
2018-05-29 18:00:12.689162,1023.0,2.5,0.0,12000.0,0.0,750.0
2018-05-29 18:00:12.893325,1023.0,2.5,0.0,12000.0,0.0,750.0
2018-05-29 18:00:13.094486,1023.0,2.5,0.0,12000.0,0.0,750.0
2018-05-29 18:00:13.295647,1023.0,2.5,0.0,12000.0,0.0,750.0
2018-05-29 18:00:13.496808,1023.0,2.5,0.0,12000.0,0.0,750.0
2018-05-29 18:00:13.697968,1023.0,2.5,0.0,12000.0,0.0,750.0
2018-05-29 18:00:13.899129,1023.0,2.5,0.0,12000.0,0.0,750.0
2018-05-29 18:00:14.100290,1023.0,2.5,0.0,12000.0,0.0,750.0
2018-05-29 18:00:14.302452,1023.0,2.5,0.0,12000.0,0.0,750.0
2018-05-29 18:00:14.504613,1023.0,2.5,0.0,12000.0,0.0,750.0
2018-05-29 18:00:14.706775,1023.0,2.5,0.0,12000.0,0.0,750.0
2018-05-29 18:00:14.906935,1023.0,2.5,0.0,12000.0,0.0,750.0
2018-05-29 18:00:15.108096,1023.0,2.5,0.0,12000.0,0.0,750.0
2018-05-29 18:00:15.309256,1023.0,2.5,0.0,12000.0,0.0,750.0
2018-05-29 18:00:15.510417,1023.0,2.5,0.0,12000.0,0.0,750.0
2018-05-29 18:00:15.711578,1023.0,2.5,0.0,12000.0,0.0,750.0
2018-05-29 18:00:15.913740,1023.0,2.5,0.0,12000.0,0.0,750.0
2018-05-29 18:00:16.116902,1023.0,2.5,0.0,12000.0,0.0,750.0
2018-05-29 18:00:16.319064,1023.0,2.5,0.0,12000.0,0.0,750.0
2018-05-29 18:00:16.520224,1023.0,2.5,0.0,12000.0,0.0,750.0
2018-05-29 18:00:16.736397,1023.0,2.5,0.0,12000.0,0.0,750.0
2018-05-29 18:00:16.937558,1023.0,2.5,0.0,12000.0,0.0,750.0
2018-05-29 18:00:17.138719,1023.0,2.5,0.0,12000.0,0.0,750.0
2018-05-29 18:00:17.339880,1023.0,2.5,0.0,12000.0,0.0,750.0
2018-05-29 18:00:17.541040,1023.0,2.5,0.0,12000.0,0.0,750.0
2018-05-29 18:00:17.742201,1023.0,2.5,0.0,12000.0,0.0,750.0
2018-05-29 18:00:17.943362,1023.0,2.5,0.0,12000.0,0.0,750.0
2018-05-29 18:00:18.144523,1023.0,2.5,0.0,12000.0,0.0,750.0
2018-05-29 18:00:18.346684,1023.0,2.5,0.0,12000.0,0.0,750.0
2018-05-29 18:00:18.547845,1023.0,2.5,0.0,12000.0,0.0,750.0
2018-05-29 18:00:18.749006,1023.0,2.5,0.0,12000.0,0.0,750.0
2018-05-29 18:00:18.950167,1023.0,2.5,0.0,12000.0,0.0,750.0
2018-05-29 18:00:19.152328,1023.0,2.5,0.0,12000.0,0.0,750.0
2018-05-29 18:00:19.353489,1023.0,2.5,0.0,12000.0,0.0,750.0
2018-05-29 18:00:19.554650,1023.0,2.5,0.0,12000.0,0.0,750.0
2018-05-29 18:00:19.755811,1023.0,2.5,0.0,12000.0,0.0,750.0
2018-05-29 18:00:19.956972,1023.0,2.5,0.0,12000.0,0.0,750.0
2018-05-29 18:00:20.158132,1023.0,2.5,0.0,12000.0,0.0,750.0
2018-05-29 18:00:20.359293,1023.0,2.5,0.0,12000.0,0.0,750.0
2018-05-29 18:00:20.560454,1023.0,2.5,0.0,12000.0,0.0,750.0
2018-05-29 18:00:20.761615,1023.0,2.5,0.0,12000.0,0.0,750.0
2018-05-29 18:00:20.963776,1023.0,2.5,0.0,12000.0,0.0,750.0
2018-05-29 18:00:21.164937,1023.0,2.5,0.0,12000.0,0.0,750.0
2018-05-29 18:00:21.366098,1023.0,2.5,0.0,12000.0,0.0,750.0
2018-05-29 18:00:21.567259,1023.0,2.5,0.0,12000.0,0.0,750.0
2018-05-29 18:00:21.768420,1023.0,2.5,0.0,12000.0,0.0,750.0
2018-05-29 18:00:21.969580,1023.0,2.5,0.0,12000.0,0.0,750.0
2018-05-29 18:00:22.170741,1023.0,2.5,0.0,12000.0,0.0,750.0
2018-05-29 18:00:22.371902,1023.0,2.5,0.0,12000.0,0.0,750.0
2018-05-29 18:00:22.573063,1023.0,2.5,0.0,12000.0,0.0,750.0
2018-05-29 18:00:22.774224,1023.0,2.5,0.0,12000.0,0.0,750.0
2018-05-29 18:00:22.975384,1023.0,2.5,0.0,12000.0,0.0,750.0
2018-05-29 18:00:23.176545,1023.0,2.5,0.0,12000.0,0.0,750.0
2018-05-29 18:00:23.377706,1023.0,2.5,0.0,12000.0,0.0,750.0
2018-05-29 18:00:23.578867,1023.0,2.5,0.0,12000.0,0.0,750.0
2018-05-29 18:00:23.782029,1023.0,2.5,0.0,12000.0,0.0,750.0
2018-05-29 18:00:23.983190,1023.0,2.5,0.0,12000.0,0.0,750.0
2018-05-29 18:00:24.184351,1023.0,2.5,0.0,12000.0,0.0,750.0
2018-05-29 18:00:24.385512,1023.0,2.5,0.0,12000.0,0.0,750.0
2018-05-29 18:00:24.586672,1023.0,2.5,0.0,12000.0,0.0,750.0
2018-05-29 18:00:24.787833,1023.0,2.5,0.0,12000.0,0.0,750.0
2018-05-29 18:00:24.989995,1023.0,2.5,0.0,12000.0,0.0,750.0
2018-05-29 18:00:25.193157,1023.0,2.5,0.0,12000.0,0.0,750.0
2018-05-29 18:00:25.394318,1023.0,2.5,0.0,12000.0,0.0,750.0
2018-05-29 18:00:25.595479,1023.0,2.5,0.0,12000.0,0.0,750.0
2018-05-29 18:00:25.796640,1023.0,2.5,0.0,12000.0,0.0,750.0
2018-05-29 18:00:25.998801,1023.0,2.5,0.0,12000.0,0.0,750.0
2018-05-29 18:00:26.199962,1023.0,2.5,0.0,12000.0,0.0,750.0
2018-05-29 18:00:26.401123,1023.0,2.5,0.0,12000.0,0.0,750.0
2018-05-29 18:00:26.602284,1023.0,2.5,0.0,12000.0,0.0,750.0
2018-05-29 18:00:26.803444,1023.0,2.5,0.0,12000.0,0.0,750.0
2018-05-29 18:00:27.004605,1023.0,2.5,0.0,12000.0,0.0,750.0
2018-05-29 18:00:27.205766,1023.0,2.5,0.0,12000.0,0.0,750.0
2018-05-29 18:00:27.406927,1023.0,2.5,0.0,12000.0,0.0,750.0
2018-05-29 18:00:27.609088,1023.0,2.5,0.0,12000.0,0.0,750.0
2018-05-29 18:00:27.810249,1023.0,2.5,0.0,12000.0,0.0,750.0
2018-05-29 18:00:28.013412,1023.0,2.5,0.0,12000.0,0.0,750.0
2018-05-29 18:00:28.215573,1023.0,2.5,0.0,12000.0,0.0,750.0
2018-05-29 18:00:28.416734,1023.0,2.5,0.0,12000.0,0.0,750.0
2018-05-29 18:00:28.617895,1023.0,2.5,0.0,12000.0,0.0,750.0
2018-05-29 18:00:28.819056,1023.0,2.5,0.0,12000.0,0.0,750.0
2018-05-29 18:00:29.020216,1023.0,2.5,0.0,12000.0,0.0,750.0
2018-05-29 18:00:29.221377,1023.0,2.5,0.0,12000.0,0.0,750.0
2018-05-29 18:00:29.425540,1023.0,2.5,0.0,12000.0,0.0,750.0
2018-05-29 18:00:29.626701,1023.0,2.5,0.0,12000.0,0.0,750.0
2018-05-29 18:00:29.827862,1023.0,2.5,0.0,12000.0,0.0,750.0
2018-05-29 18:00:30.029023,1023.0,2.5,0.0,12000.0,0.0,750.0
2018-05-29 18:00:30.230184,1023.0,2.5,0.0,12000.0,0.0,750.0
2018-05-29 18:00:30.432345,1023.0,2.5,0.0,12000.0,0.0,750.0
2018-05-29 18:00:30.633506,1023.0,2.5,0.0,12000.0,0.0,750.0
2018-05-29 18:00:30.836668,1023.0,2.5,0.0,12000.0,0.0,750.0
2018-05-29 18:00:31.037829,1023.0,2.5,0.0,12000.0,0.0,750.0
2018-05-29 18:00:31.239991,1023.0,2.5,0.0,12000.0,0.0,750.0
2018-05-29 18:00:31.441152,1023.0,2.5,0.0,12000.0,0.0,750.0
2018-05-29 18:00:31.642312,1023.0,2.5,0.0,12000.0,0.0,750.0
2018-05-29 18:00:31.843473,1023.0,2.5,0.0,12000.0,0.0,750.0
2018-05-29 18:00:32.045635,1023.0,2.5,0.0,12000.0,0.0,750.0
2018-05-29 18:00:32.260807,1023.0,2.5,0.0,12000.0,0.0,750.0
2018-05-29 18:00:32.461968,1023.0,2.5,0.0,12000.0,0.0,750.0
2018-05-29 18:00:32.663128,1023.0,2.5,0.0,12000.0,0.0,750.0
2018-05-29 18:00:32.865290,1023.0,2.5,0.0,12000.0,0.0,750.0
2018-05-29 18:00:33.066451,1023.0,2.5,0.0,12000.0,0.0,750.0
2018-05-29 18:00:33.267612,1023.0,2.5,0.0,12000.0,0.0,750.0
2018-05-29 18:00:33.468772,1023.0,2.5,0.0,12000.0,0.0,750.0
2018-05-29 18:00:33.674937,1023.0,2.5,0.0,12000.0,0.0,750.0
2018-05-29 18:00:33.877099,1023.0,2.5,0.0,12000.0,0.0,750.0
2018-05-29 18:00:34.078260,1023.0,2.5,0.0,12000.0,0.0,750.0
2018-05-29 18:00:34.279420,1023.0,2.5,0.0,12000.0,0.0,750.0
2018-05-29 18:00:34.480581,1023.0,2.5,0.0,12000.0,0.0,750.0
2018-05-29 18:00:34.681742,1023.0,2.5,0.0,12000.0,0.0,750.0
2018-05-29 18:00:34.882903,1023.0,2.5,0.0,12000.0,0.0,750.0
2018-05-29 18:00:35.084064,1023.0,2.5,0.0,12000.0,0.0,750.0
2018-05-29 18:00:35.285224,1023.0,2.5,0.0,12000.0,0.0,750.0
2018-05-29 18:00:35.486385,1023.0,2.5,0.0,12000.0,0.0,750.0
2018-05-29 18:00:35.688547,1023.0,2.5,0.0,12000.0,0.0,750.0
2018-05-29 18:00:35.888707,1023.0,2.5,0.0,12000.0,0.0,750.0
2018-05-29 18:00:36.089868,1023.0,2.5,0.0,12000.0,0.0,750.0
2018-05-29 18:00:36.291028,1023.0,2.5,0.0,12000.0,0.0,750.0
2018-05-29 18:00:36.493190,1023.0,2.5,0.0,12000.0,0.0,750.0
2018-05-29 18:00:36.695352,1023.0,2.5,0.0,12000.0,0.0,750.0
2018-05-29 18:00:36.896512,1023.0,2.5,0.0,12000.0,0.0,750.0
2018-05-29 18:00:37.099675,1023.0,2.5,0.0,12000.0,0.0,750.0
2018-05-29 18:00:37.300836,1023.0,2.5,0.0,12000.0,0.0,750.0
2018-05-29 18:00:37.501996,1023.0,2.5,0.0,12000.0,0.0,750.0
2018-05-29 18:00:37.703157,1023.0,2.5,0.0,12000.0,0.0,750.0
2018-05-29 18:00:37.906320,1023.0,2.5,0.0,12000.0,0.0,750.0
2018-05-29 18:00:38.107480,1023.0,2.5,0.0,12000.0,0.0,750.0
2018-05-29 18:00:38.308641,1023.0,2.5,0.0,12000.0,0.0,750.0
2018-05-29 18:00:38.509802,1023.0,2.5,0.0,12000.0,0.0,750.0
2018-05-29 18:00:38.710963,1023.0,2.5,0.0,12000.0,0.0,750.0
2018-05-29 18:00:38.912124,1023.0,2.5,0.0,12000.0,0.0,750.0
2018-05-29 18:00:39.113284,1023.0,2.5,0.0,12000.0,0.0,750.0
2018-05-29 18:00:39.315446,1023.0,2.5,0.0,12000.0,0.0,750.0
2018-05-29 18:00:39.516607,1023.0,2.5,0.0,12000.0,0.0,750.0
2018-05-29 18:00:39.733780,1023.0,2.5,0.0,12000.0,0.0,750.0
2018-05-29 18:00:39.954957,1023.0,2.5,0.0,12000.0,0.0,750.0
2018-05-29 18:00:40.191146,1023.0,2.5,0.0,12000.0,0.0,750.0
2018-05-29 18:00:40.411322,1023.0,2.5,0.0,12000.0,0.0,750.0
2018-05-29 18:00:40.612483,1023.0,2.5,0.0,12000.0,0.0,750.0
2018-05-29 18:00:40.813644,1023.0,2.5,0.0,12000.0,0.0,750.0
2018-05-29 18:00:41.015805,1023.0,2.5,0.0,12000.0,0.0,750.0
2018-05-29 18:00:41.216966,1023.0,2.5,0.0,12000.0,0.0,750.0
2018-05-29 18:00:41.418127,1023.0,2.5,0.0,12000.0,0.0,750.0
2018-05-29 18:00:41.620288,1023.0,2.5,0.0,12000.0,0.0,750.0
2018-05-29 18:00:41.821449,1023.0,2.5,0.0,12000.0,0.0,750.0
2018-05-29 18:00:42.022610,1023.0,2.5,0.0,12000.0,0.0,750.0
2018-05-29 18:00:42.223771,1023.0,2.5,0.0,12000.0,0.0,750.0
2018-05-29 18:00:42.424932,1023.0,2.5,0.0,12000.0,0.0,750.0
2018-05-29 18:00:42.626092,1023.0,2.5,0.0,12000.0,0.0,750.0
2018-05-29 18:00:42.859279,1023.0,2.5,0.0,12000.0,0.0,750.0
2018-05-29 18:00:43.063442,1023.0,2.5,0.0,12000.0,0.0,750.0
2018-05-29 18:00:43.268606,1023.0,2.5,0.0,12000.0,0.0,750.0
2018-05-29 18:00:43.469767,1023.0,2.5,0.0,12000.0,0.0,750.0
2018-05-29 18:00:43.670928,1023.0,2.5,0.0,12000.0,0.0,750.0
2018-05-29 18:00:43.872088,1023.0,2.5,0.0,12000.0,0.0,750.0
2018-05-29 18:00:44.074250,1023.0,2.5,0.0,12000.0,0.0,750.0
2018-05-29 18:00:44.275411,1023.0,2.5,0.0,12000.0,0.0,750.0
2018-05-29 18:00:44.476572,1023.0,2.5,0.0,12000.0,0.0,750.0
2018-05-29 18:00:44.677732,1023.0,2.5,0.0,12000.0,0.0,750.0
2018-05-29 18:00:44.880895,1023.0,2.5,0.0,12000.0,0.0,750.0
2018-05-29 18:00:45.082056,1023.0,2.5,0.0,12000.0,0.0,750.0
2018-05-29 18:00:45.283216,1023.0,2.5,0.0,12000.0,0.0,750.0
2018-05-29 18:00:45.485378,1023.0,2.5,0.0,12000.0,0.0,750.0
2018-05-29 18:00:45.686539,1023.0,2.5,0.0,12000.0,0.0,750.0
2018-05-29 18:00:45.888700,1023.0,2.5,0.0,12000.0,0.0,750.0
2018-05-29 18:00:46.089861,1023.0,2.5,0.0,12000.0,0.0,750.0
2018-05-29 18:00:46.292023,1023.0,2.5,0.0,12000.0,0.0,750.0
2018-05-29 18:00:46.494184,1023.0,2.5,0.0,12000.0,0.0,750.0
2018-05-29 18:00:46.695345,1023.0,2.5,0.0,12000.0,0.0,750.0
2018-05-29 18:00:46.898508,1023.0,2.5,0.0,12000.0,0.0,750.0
2018-05-29 18:00:47.099668,1023.0,2.5,0.0,12000.0,0.0,750.0
2018-05-29 18:00:47.300829,1023.0,2.5,0.0,12000.0,0.0,750.0
2018-05-29 18:00:47.501990,1023.0,2.5,0.0,12000.0,0.0,750.0
2018-05-29 18:00:47.703151,1023.0,2.5,0.0,12000.0,0.0,750.0
2018-05-29 18:00:47.904312,1023.0,2.5,0.0,12000.0,0.0,750.0
2018-05-29 18:00:48.106473,1023.0,2.5,0.0,12000.0,0.0,750.0
2018-05-29 18:00:48.309636,1023.0,2.5,0.0,12000.0,0.0,750.0
2018-05-29 18:00:48.510796,1023.0,2.5,0.0,12000.0,0.0,750.0
2018-05-29 18:00:48.711957,1023.0,2.5,0.0,12000.0,0.0,750.0
2018-05-29 18:00:48.914119,1023.0,2.5,0.0,12000.0,0.0,750.0
2018-05-29 18:00:49.115280,1023.0,2.5,0.0,12000.0,0.0,750.0
2018-05-29 18:00:49.316440,1023.0,2.5,0.0,12000.0,0.0,750.0
2018-05-29 18:00:49.517601,1023.0,2.5,0.0,12000.0,0.0,750.0
2018-05-29 18:00:49.718762,1023.0,2.5,0.0,12000.0,0.0,750.0
2018-05-29 18:00:49.919923,1023.0,2.5,0.0,12000.0,0.0,750.0
2018-05-29 18:00:50.121084,1023.0,2.5,0.0,12000.0,0.0,750.0
2018-05-29 18:00:50.322244,1023.0,2.5,0.0,12000.0,0.0,750.0
2018-05-29 18:00:50.523405,1023.0,2.5,0.0,12000.0,0.0,750.0
2018-05-29 18:00:50.727568,1023.0,2.5,0.0,12000.0,0.0,750.0
2018-05-29 18:00:50.928729,1023.0,2.5,0.0,12000.0,0.0,750.0
2018-05-29 18:00:51.129890,1023.0,2.5,0.0,12000.0,0.0,750.0
2018-05-29 18:00:51.331051,1023.0,2.5,0.0,12000.0,0.0,750.0
2018-05-29 18:00:51.532212,1023.0,2.5,0.0,12000.0,0.0,750.0
2018-05-29 18:00:51.733372,1023.0,2.5,0.0,12000.0,0.0,750.0
2018-05-29 18:00:51.934533,1023.0,2.5,0.0,12000.0,0.0,750.0
2018-05-29 18:00:52.136695,1023.0,2.5,0.0,12000.0,0.0,750.0
2018-05-29 18:00:52.338856,1023.0,2.5,0.0,12000.0,0.0,750.0
2018-05-29 18:00:52.542019,1023.0,2.5,0.0,12000.0,0.0,750.0
2018-05-29 18:00:52.786214,1023.0,2.5,0.0,12000.0,0.0,750.0
2018-05-29 18:00:52.989376,1023.0,2.5,0.0,12000.0,0.0,750.0
2018-05-29 18:00:53.190537,1023.0,2.5,0.0,12000.0,0.0,750.0
2018-05-29 18:00:53.392699,1023.0,2.5,0.0,12000.0,0.0,750.0
2018-05-29 18:00:53.593860,1023.0,2.5,0.0,12000.0,0.0,750.0
2018-05-29 18:00:53.795020,1023.0,2.5,0.0,12000.0,0.0,750.0
2018-05-29 18:00:53.996181,1023.0,2.5,0.0,12000.0,0.0,750.0
2018-05-29 18:00:54.197342,1023.0,2.5,0.0,12000.0,0.0,750.0
2018-05-29 18:00:54.398503,1023.0,2.5,0.0,12000.0,0.0,750.0
2018-05-29 18:00:54.600664,1023.0,2.5,0.0,12000.0,0.0,750.0
2018-05-29 18:00:54.801825,1023.0,2.5,0.0,12000.0,0.0,750.0
2018-05-29 18:00:55.009992,1023.0,2.5,0.0,12000.0,0.0,750.0
2018-05-29 18:00:55.211152,1023.0,2.5,0.0,12000.0,0.0,750.0
2018-05-29 18:00:55.412313,1023.0,2.5,0.0,12000.0,0.0,750.0
2018-05-29 18:00:55.613474,1023.0,2.5,0.0,12000.0,0.0,750.0
2018-05-29 18:00:55.814635,1023.0,2.5,0.0,12000.0,0.0,750.0
2018-05-29 18:00:56.015796,1023.0,2.5,0.0,12000.0,0.0,750.0
2018-05-29 18:00:56.217957,1023.0,2.5,0.0,12000.0,0.0,750.0
2018-05-29 18:00:56.419118,1023.0,2.5,0.0,12000.0,0.0,750.0
2018-05-29 18:00:56.620279,1023.0,2.5,0.0,12000.0,0.0,750.0
2018-05-29 18:00:56.822440,1023.0,2.5,0.0,12000.0,0.0,750.0
2018-05-29 18:00:57.023601,1023.0,2.5,0.0,12000.0,0.0,750.0
2018-05-29 18:00:57.224762,1023.0,2.5,0.0,12000.0,0.0,750.0
2018-05-29 18:00:57.425923,1023.0,2.5,0.0,12000.0,0.0,750.0
2018-05-29 18:00:57.627084,1023.0,2.5,0.0,12000.0,0.0,750.0
2018-05-29 18:00:57.830246,1023.0,2.5,0.0,12000.0,0.0,750.0
2018-05-29 18:00:58.031407,1023.0,2.5,0.0,12000.0,0.0,750.0
2018-05-29 18:00:58.233568,1023.0,2.5,0.0,12000.0,0.0,750.0
2018-05-29 18:00:58.434729,1023.0,2.5,0.0,12000.0,0.0,750.0
2018-05-29 18:00:58.635890,1023.0,2.5,0.0,12000.0,0.0,750.0
2018-05-29 18:00:58.837051,1023.0,2.5,0.0,12000.0,0.0,750.0
2018-05-29 18:00:59.038212,1023.0,2.5,0.0,12000.0,0.0,750.0
2018-05-29 18:00:59.240373,1023.0,2.5,0.0,12000.0,0.0,750.0
2018-05-29 18:00:59.442535,1023.0,2.5,0.0,12000.0,0.0,750.0
2018-05-29 18:00:59.645697,1023.0,2.5,0.0,12000.0,0.0,750.0
2018-05-29 18:00:59.846858,1023.0,2.5,0.0,12000.0,0.0,750.0
2018-05-29 18:01:00.048019,1023.0,2.5,0.0,12000.0,0.0,750.0
2018-05-29 18:01:00.249180,1023.0,2.5,0.0,12000.0,0.0,750.0
2018-05-29 18:01:00.450340,1023.0,2.5,0.0,12000.0,0.0,750.0
2018-05-29 18:01:00.651501,1023.0,2.5,0.0,12000.0,0.0,750.0
2018-05-29 18:01:00.853663,1023.0,2.5,0.0,12000.0,0.0,750.0
2018-05-29 18:01:01.054824,1023.0,2.5,0.0,12000.0,0.0,750.0
2018-05-29 18:01:01.255984,1023.0,2.5,0.0,12000.0,0.0,750.0
2018-05-29 18:01:01.457145,1023.0,2.5,0.0,12000.0,0.0,750.0
2018-05-29 18:01:01.659307,1023.0,2.5,0.0,12000.0,0.0,750.0
2018-05-29 18:01:01.860468,1023.0,2.5,0.0,12000.0,0.0,750.0
2018-05-29 18:01:02.061628,1023.0,2.5,0.0,12000.0,0.0,750.0
2018-05-29 18:01:02.262789,1023.0,2.5,0.0,12000.0,0.0,750.0
2018-05-29 18:01:02.463950,1023.0,2.5,0.0,12000.0,0.0,750.0
2018-05-29 18:01:02.665111,1023.0,2.5,0.0,12000.0,0.0,750.0
2018-05-29 18:01:02.866272,1023.0,2.5,0.0,12000.0,0.0,750.0
2018-05-29 18:01:03.067432,1023.0,2.5,0.0,12000.0,0.0,750.0
2018-05-29 18:01:03.269594,1023.0,2.5,0.0,12000.0,0.0,750.0
2018-05-29 18:01:03.473757,1023.0,2.5,0.0,12000.0,0.0,750.0
2018-05-29 18:01:03.674918,1023.0,2.5,0.0,12000.0,0.0,750.0
2018-05-29 18:01:03.877080,1023.0,2.5,0.0,12000.0,0.0,750.0
2018-05-29 18:01:04.078240,1023.0,2.5,0.0,12000.0,0.0,750.0
2018-05-29 18:01:04.279401,1023.0,2.5,0.0,12000.0,0.0,750.0
2018-05-29 18:01:04.480562,1023.0,2.5,0.0,12000.0,0.0,750.0
2018-05-29 18:01:04.681723,1023.0,2.5,0.0,12000.0,0.0,750.0
2018-05-29 18:01:04.882884,1023.0,2.5,0.0,12000.0,0.0,750.0
2018-05-29 18:01:05.084044,1023.0,2.5,0.0,12000.0,0.0,750.0
2018-05-29 18:01:05.285205,1023.0,2.5,0.0,12000.0,0.0,750.0
2018-05-29 18:01:05.555421,1023.0,2.5,0.0,12000.0,0.0,750.0
2018-05-29 18:01:05.906702,1023.0,2.5,0.0,12000.0,0.0,750.0
2018-05-29 18:01:06.159904,1023.0,2.5,0.0,12000.0,0.0,750.0
2018-05-29 18:01:06.364068,1023.0,2.5,0.0,12000.0,0.0,750.0
2018-05-29 18:01:06.567230,1023.0,2.5,0.0,12000.0,0.0,750.0
2018-05-29 18:01:06.776397,1023.0,2.5,0.0,12000.0,0.0,750.0
