datetime,IP1,FC1,Volt FC1 ,Vtip,Itip,BV1
2018-05-29 15:40:28.185811,1023.0,0.0,0.0,0.0,0.0,0.0
2018-05-29 15:40:32.011576,1023.0,0.0,0.0,0.0,0.0,0.0
2018-05-29 15:40:32.247623,1023.0,0.0,0.0,0.0,0.0,0.0
2018-05-29 15:40:32.550684,1023.0,0.0,0.0,0.0,0.0,0.0
2018-05-29 15:40:33.151804,1023.0,0.0,0.0,0.0,0.0,0.0
2018-05-29 15:40:33.753925,1023.0,0.0,0.0,0.0,0.0,0.0
2018-05-29 15:40:34.355045,1023.0,0.0,0.0,0.0,0.0,0.0
2018-05-29 15:40:34.556085,1023.0,0.0,0.0,0.0,0.0,0.0
2018-05-29 15:40:34.753124,1023.0,0.0,0.0,0.0,0.0,0.0
2018-05-29 15:40:34.957165,1023.0,0.0,0.0,0.0,0.0,0.0
2018-05-29 15:40:35.151204,1023.0,0.0,0.0,0.0,0.0,0.0
2018-05-29 15:40:39.753124,1023.0,0.0,0.0,0.0,0.0,0.0
2018-05-29 15:40:39.828139,1023.0,0.0,0.0,0.0,0.0,0.0
2018-05-29 15:40:39.882150,1023.0,0.0,0.0,0.0,0.0,0.0
2018-05-29 15:40:39.935161,1023.0,0.0,0.0,0.0,0.0,0.0
2018-05-29 15:40:39.989171,1023.0,0.0,0.0,0.0,0.0,0.0
2018-05-29 15:40:40.043182,1023.0,0.0,0.0,0.0,0.0,0.0
2018-05-29 15:40:40.097193,1023.0,0.0,0.0,0.0,0.0,0.0
2018-05-29 15:40:40.155205,1023.0,0.0,0.0,0.0,0.0,0.0
2018-05-29 15:40:40.210216,1023.0,0.0,0.0,0.0,0.0,0.0
2018-05-29 15:40:40.264226,1023.0,0.0,0.0,0.0,0.0,0.0
2018-05-29 15:40:40.318237,1023.0,0.0,0.0,0.0,0.0,0.0
2018-05-29 15:40:40.372248,1023.0,0.0,0.0,0.0,0.0,0.0
2018-05-29 15:40:40.429259,1023.0,0.0,0.0,0.0,0.0,0.0
2018-05-29 15:40:40.485271,1023.0,0.0,0.0,0.0,0.0,0.0
2018-05-29 15:40:40.538281,1023.0,0.0,0.0,0.0,0.0,0.0
2018-05-29 15:40:40.591292,1023.0,0.0,0.0,0.0,0.0,0.0
2018-05-29 15:40:40.645303,1023.0,0.0,0.0,0.0,0.0,0.0
2018-05-29 15:40:40.701314,1023.0,0.0,0.0,0.0,0.0,0.0
2018-05-29 15:40:40.756325,1023.0,0.0,0.0,0.0,0.0,0.0
2018-05-29 15:40:40.813336,1023.0,0.0,0.0,0.0,0.0,0.0
2018-05-29 15:40:40.876349,1023.0,0.0,0.0,0.0,0.0,0.0
2018-05-29 15:40:40.933360,1023.0,0.0,0.0,0.0,0.0,0.0
2018-05-29 15:40:40.989371,1023.0,0.0,0.0,0.0,0.0,0.0
2018-05-29 15:40:41.044382,1023.0,0.0,0.0,0.0,0.0,0.0
2018-05-29 15:40:41.102394,1023.0,0.0,0.0,0.0,0.0,0.0
2018-05-29 15:40:41.157405,1023.0,0.0,0.0,0.0,0.0,0.0
2018-05-29 15:40:41.214416,1023.0,0.0,0.0,0.0,0.0,0.0
2018-05-29 15:40:41.271428,1023.0,0.0,0.0,0.0,0.0,0.0
2018-05-29 15:40:41.337441,1023.0,0.0,0.0,0.0,0.0,0.0
2018-05-29 15:40:41.393452,1023.0,0.0,0.0,0.0,0.0,0.0
2018-05-29 15:40:41.447463,1023.0,0.0,0.0,0.0,0.0,0.0
2018-05-29 15:40:41.502474,1023.0,0.0,0.0,0.0,0.0,0.0
2018-05-29 15:40:41.584490,1023.0,0.0,0.0,0.0,0.0,0.0
2018-05-29 15:40:41.638501,1023.0,0.0,0.0,0.0,0.0,0.0
2018-05-29 15:40:41.693512,1023.0,0.0,0.0,0.0,0.0,0.0
2018-05-29 15:40:41.748523,1023.0,0.0,0.0,0.0,0.0,0.0
2018-05-29 15:40:41.804534,1023.0,0.0,0.0,0.0,0.0,0.0
2018-05-29 15:40:41.863546,1023.0,0.0,0.0,0.0,0.0,0.0
2018-05-29 15:40:41.918557,1023.0,0.0,0.0,0.0,0.0,0.0
2018-05-29 15:40:41.972568,1023.0,0.0,0.0,0.0,0.0,0.0
2018-05-29 15:40:42.027579,1023.0,0.0,0.0,0.0,0.0,0.0
2018-05-29 15:40:42.084590,1023.0,0.0,0.0,0.0,0.0,0.0
2018-05-29 15:40:42.139601,1023.0,0.0,0.0,0.0,0.0,0.0
2018-05-29 15:40:42.194612,1023.0,0.0,0.0,0.0,0.0,0.0
2018-05-29 15:40:42.247623,1023.0,0.0,0.0,0.0,0.0,0.0
2018-05-29 15:40:42.327639,1023.0,0.0,0.0,0.0,0.0,0.0
2018-05-29 15:40:42.385651,1023.0,0.0,0.0,0.0,0.0,0.0
2018-05-29 15:40:42.441662,1023.0,0.0,0.0,0.0,0.0,0.0
2018-05-29 15:40:42.494672,1023.0,0.0,0.0,0.0,0.0,0.0
2018-05-29 15:40:42.547683,1023.0,0.0,0.0,0.0,0.0,0.0
2018-05-29 15:40:42.601694,1023.0,0.0,0.0,0.0,0.0,0.0
2018-05-29 15:40:42.654704,1023.0,0.0,0.0,0.0,0.0,0.0
2018-05-29 15:40:42.709715,1023.0,0.0,0.0,0.0,0.0,0.0
2018-05-29 15:40:42.762726,1023.0,0.0,0.0,0.0,0.0,0.0
2018-05-29 15:40:42.817737,1023.0,0.0,0.0,0.0,0.0,0.0
2018-05-29 15:40:42.874748,1023.0,0.0,0.0,0.0,0.0,0.0
2018-05-29 15:40:42.929759,1023.0,0.0,0.0,0.0,0.0,0.0
2018-05-29 15:40:42.985771,1023.0,0.0,0.0,0.0,0.0,0.0
2018-05-29 15:40:43.039781,1023.0,0.0,0.0,0.0,0.0,0.0
2018-05-29 15:40:43.094792,1023.0,0.0,0.0,0.0,0.0,0.0
2018-05-29 15:40:43.149803,1023.0,0.0,0.0,0.0,0.0,0.0
2018-05-29 15:40:43.204814,1023.0,0.0,0.0,0.0,0.0,0.0
2018-05-29 15:40:43.260826,1023.0,0.0,0.0,0.0,0.0,0.0
2018-05-29 15:40:43.316837,1023.0,0.0,0.0,0.0,0.0,0.0
2018-05-29 15:40:43.375849,1023.0,0.0,0.0,0.0,0.0,0.0
2018-05-29 15:40:43.432860,1023.0,0.0,0.0,0.0,0.0,0.0
2018-05-29 15:40:43.486871,1023.0,0.0,0.0,0.0,0.0,0.0
2018-05-29 15:40:43.542882,1023.0,0.0,0.0,0.0,0.0,0.0
2018-05-29 15:40:43.596893,1023.0,0.0,0.0,0.0,0.0,0.0
2018-05-29 15:40:43.650904,1023.0,0.0,0.0,0.0,0.0,0.0
2018-05-29 15:40:43.705915,1023.0,0.0,0.0,0.0,0.0,0.0
2018-05-29 15:40:43.758925,1023.0,0.0,0.0,0.0,0.0,0.0
2018-05-29 15:40:43.812936,1023.0,0.0,0.0,0.0,0.0,0.0
2018-05-29 15:40:43.873948,1023.0,0.0,0.0,0.0,0.0,0.0
2018-05-29 15:40:43.930960,1023.0,0.0,0.0,0.0,0.0,0.0
2018-05-29 15:40:43.984970,1023.0,0.0,0.0,0.0,0.0,0.0
2018-05-29 15:40:44.038981,1023.0,0.0,0.0,0.0,0.0,0.0
2018-05-29 15:40:44.090992,1023.0,0.0,0.0,0.0,0.0,0.0
2018-05-29 15:40:44.146003,1023.0,0.0,0.0,0.0,0.0,0.0
2018-05-29 15:40:44.200013,1023.0,0.0,0.0,0.0,0.0,0.0
2018-05-29 15:40:44.254024,1023.0,0.0,0.0,0.0,0.0,0.0
2018-05-29 15:40:44.308035,1023.0,0.0,0.0,0.0,0.0,0.0
2018-05-29 15:40:44.363046,1023.0,0.0,0.0,0.0,0.0,0.0
2018-05-29 15:40:44.420057,1023.0,0.0,0.0,0.0,0.0,0.0
2018-05-29 15:40:44.477069,1023.0,0.0,0.0,0.0,0.0,0.0
2018-05-29 15:40:44.531080,1023.0,0.0,0.0,0.0,0.0,0.0
2018-05-29 15:40:44.585090,1023.0,0.0,0.0,0.0,0.0,0.0
2018-05-29 15:40:44.640101,1023.0,0.0,0.0,0.0,0.0,0.0
2018-05-29 15:40:44.693112,1023.0,0.0,0.0,0.0,0.0,0.0
2018-05-29 15:40:44.748123,1023.0,0.0,0.0,0.0,0.0,0.0
2018-05-29 15:40:44.800133,1023.0,0.0,0.0,0.0,0.0,0.0
2018-05-29 15:40:44.854144,1023.0,0.0,0.0,0.0,0.0,0.0
2018-05-29 15:40:44.911156,1023.0,0.0,0.0,0.0,0.0,0.0
2018-05-29 15:40:44.965166,1023.0,0.0,0.0,0.0,0.0,0.0
2018-05-29 15:40:45.019177,1023.0,0.0,0.0,0.0,0.0,0.0
2018-05-29 15:40:45.071188,1023.0,0.0,0.0,0.0,0.0,0.0
2018-05-29 15:40:45.124198,1023.0,0.0,0.0,0.0,0.0,0.0
2018-05-29 15:40:45.178209,1023.0,0.0,0.0,0.0,0.0,0.0
2018-05-29 15:40:45.231220,1023.0,0.0,0.0,0.0,0.0,0.0
2018-05-29 15:40:45.289231,1023.0,0.0,0.0,0.0,0.0,0.0
2018-05-29 15:40:45.344242,1023.0,0.0,0.0,0.0,0.0,0.0
2018-05-29 15:40:45.406255,1023.0,0.0,0.0,0.0,0.0,0.0
2018-05-29 15:40:45.468267,1023.0,0.0,0.0,0.0,0.0,0.0
2018-05-29 15:40:45.524278,1023.0,0.0,0.0,0.0,0.0,0.0
2018-05-29 15:40:45.580289,1023.0,0.0,0.0,0.0,0.0,0.0
2018-05-29 15:40:45.636301,1023.0,0.0,0.0,0.0,0.0,0.0
2018-05-29 15:40:45.693312,1023.0,0.0,0.0,0.0,0.0,0.0
2018-05-29 15:40:45.749323,1023.0,0.0,0.0,0.0,0.0,0.0
2018-05-29 15:40:45.806335,1023.0,0.0,0.0,0.0,0.0,0.0
2018-05-29 15:40:45.861346,1023.0,0.0,0.0,0.0,0.0,0.0
2018-05-29 15:40:45.924358,1023.0,0.0,0.0,0.0,0.0,0.0
2018-05-29 15:40:45.981370,1023.0,0.0,0.0,0.0,0.0,0.0
2018-05-29 15:40:46.036381,1023.0,0.0,0.0,0.0,0.0,0.0
2018-05-29 15:40:46.095392,1023.0,0.0,0.0,0.0,0.0,0.0
2018-05-29 15:40:46.160405,1023.0,0.0,0.0,0.0,0.0,0.0
2018-05-29 15:40:46.228419,1023.0,0.0,0.0,0.0,0.0,0.0
2018-05-29 15:40:46.291432,1023.0,0.0,0.0,0.0,0.0,0.0
2018-05-29 15:40:46.363446,1023.0,0.0,0.0,0.0,0.0,0.0
2018-05-29 15:40:46.426459,1023.0,0.0,0.0,0.0,0.0,0.0
2018-05-29 15:40:46.501474,1023.0,0.0,0.0,0.0,0.0,0.0
2018-05-29 15:40:46.556485,1023.0,0.0,0.0,0.0,0.0,0.0
2018-05-29 15:40:46.616497,1023.0,0.0,0.0,0.0,0.0,0.0
2018-05-29 15:40:46.675508,1023.0,0.0,0.0,0.0,0.0,0.0
2018-05-29 15:40:46.733520,1023.0,0.0,0.0,0.0,0.0,0.0
2018-05-29 15:40:46.786531,1023.0,0.0,0.0,0.0,0.0,0.0
2018-05-29 15:40:46.840541,1023.0,0.0,0.0,0.0,0.0,0.0
2018-05-29 15:40:46.895552,1023.0,0.0,0.0,0.0,0.0,0.0
2018-05-29 15:40:46.955564,1023.0,0.0,0.0,0.0,0.0,0.0
2018-05-29 15:40:47.011576,1023.0,0.0,0.0,0.0,0.0,0.0
2018-05-29 15:40:47.067587,1023.0,0.0,0.0,0.0,0.0,0.0
2018-05-29 15:40:47.122598,1023.0,0.0,0.0,0.0,0.0,0.0
2018-05-29 15:40:47.176609,1023.0,0.0,0.0,0.0,0.0,0.0
2018-05-29 15:40:47.231620,1023.0,0.0,0.0,0.0,0.0,0.0
2018-05-29 15:40:47.285630,1023.0,0.0,0.0,0.0,0.0,0.0
2018-05-29 15:40:47.339641,1023.0,0.0,0.0,0.0,0.0,0.0
2018-05-29 15:40:47.394652,1023.0,0.0,0.0,0.0,0.0,0.0
2018-05-29 15:40:47.453664,1023.0,0.0,0.0,0.0,0.0,0.0
2018-05-29 15:40:47.508675,1023.0,0.0,0.0,0.0,0.0,0.0
2018-05-29 15:40:47.564686,1023.0,0.0,0.0,0.0,0.0,0.0
2018-05-29 15:40:47.619697,1023.0,0.0,0.0,0.0,0.0,0.0
2018-05-29 15:40:47.676709,1023.0,0.0,0.0,0.0,0.0,0.0
2018-05-29 15:40:47.730719,1023.0,0.0,0.0,0.0,0.0,0.0
2018-05-29 15:40:47.788731,1023.0,0.0,0.0,0.0,0.0,0.0
2018-05-29 15:40:47.842742,1023.0,0.0,0.0,0.0,0.0,0.0
2018-05-29 15:40:47.902754,1023.0,0.0,0.0,0.0,0.0,0.0
2018-05-29 15:40:47.964766,1023.0,0.0,0.0,0.0,0.0,0.0
2018-05-29 15:40:48.027779,1023.0,0.0,0.0,0.0,0.0,0.0
2018-05-29 15:40:48.087791,1023.0,0.0,0.0,0.0,0.0,0.0
2018-05-29 15:40:48.153804,1023.0,0.0,0.0,0.0,0.0,0.0
2018-05-29 15:40:48.252824,1023.0,0.0,0.0,0.0,0.0,0.0
2018-05-29 15:40:48.306835,1023.0,0.0,0.0,0.0,0.0,0.0
2018-05-29 15:40:48.360845,1023.0,0.0,0.0,0.0,0.0,0.0
2018-05-29 15:40:48.413856,1023.0,0.0,0.0,0.0,0.0,0.0
2018-05-29 15:40:48.472868,1023.0,0.0,0.0,0.0,0.0,0.0
2018-05-29 15:40:48.530879,1023.0,0.0,0.0,0.0,0.0,0.0
2018-05-29 15:40:48.584890,1023.0,0.0,0.0,0.0,0.0,0.0
2018-05-29 15:40:48.637901,1023.0,0.0,0.0,0.0,0.0,0.0
2018-05-29 15:40:48.689911,1023.0,0.0,0.0,0.0,0.0,0.0
2018-05-29 15:40:48.742922,1023.0,0.0,0.0,0.0,0.0,0.0
2018-05-29 15:40:48.795932,1023.0,0.0,0.0,0.0,0.0,0.0
2018-05-29 15:40:48.847943,1023.0,0.0,0.0,0.0,0.0,0.0
2018-05-29 15:40:48.901954,1023.0,0.0,0.0,0.0,0.0,0.0
2018-05-29 15:40:48.954964,1023.0,0.0,0.0,0.0,0.0,0.0
2018-05-29 15:40:49.012976,1023.0,0.0,0.0,0.0,0.0,0.0
2018-05-29 15:40:49.066987,1023.0,0.0,0.0,0.0,0.0,0.0
2018-05-29 15:40:49.122998,1023.0,0.0,0.0,0.0,0.0,0.0
2018-05-29 15:40:49.176008,1023.0,0.0,0.0,0.0,0.0,0.0
2018-05-29 15:40:49.231019,1023.0,0.0,0.0,0.0,0.0,0.0
2018-05-29 15:40:49.284030,1023.0,0.0,0.0,0.0,0.0,0.0
2018-05-29 15:40:49.338041,1023.0,0.0,0.0,0.0,0.0,0.0
2018-05-29 15:40:49.392052,1023.0,0.0,0.0,0.0,0.0,0.0
2018-05-29 15:40:49.446062,1023.0,0.0,0.0,0.0,0.0,0.0
2018-05-29 15:40:49.504074,1023.0,0.0,0.0,0.0,0.0,0.0
2018-05-29 15:40:49.559085,1023.0,0.0,0.0,0.0,0.0,0.0
2018-05-29 15:40:49.613096,1023.0,0.0,0.0,0.0,0.0,0.0
2018-05-29 15:40:49.668107,1023.0,0.0,0.0,0.0,0.0,0.0
2018-05-29 15:40:49.722118,1023.0,0.0,0.0,0.0,0.0,0.0
2018-05-29 15:40:49.775128,1023.0,0.0,0.0,0.0,0.0,0.0
2018-05-29 15:40:49.829139,1023.0,0.0,0.0,0.0,0.0,0.0
2018-05-29 15:40:49.882150,1023.0,0.0,0.0,0.0,0.0,0.0
2018-05-29 15:40:49.935160,1023.0,0.0,0.0,0.0,0.0,0.0
2018-05-29 15:40:49.990171,1023.0,0.0,0.0,0.0,0.0,0.0
2018-05-29 15:40:50.049183,1023.0,0.0,0.0,0.0,0.0,0.0
2018-05-29 15:40:50.104194,1023.0,0.0,0.0,0.0,0.0,0.0
2018-05-29 15:40:50.157205,1023.0,0.0,0.0,0.0,0.0,0.0
2018-05-29 15:40:50.211215,1023.0,0.0,0.0,0.0,0.0,0.0
2018-05-29 15:40:50.265226,1023.0,0.0,0.0,0.0,0.0,0.0
2018-05-29 15:40:50.319237,1023.0,0.0,0.0,0.0,0.0,0.0
2018-05-29 15:40:50.373248,1023.0,0.0,0.0,0.0,0.0,0.0
2018-05-29 15:40:50.427259,1023.0,0.0,0.0,0.0,0.0,0.0
2018-05-29 15:40:50.480269,1023.0,0.0,0.0,0.0,0.0,0.0
2018-05-29 15:40:50.538281,1023.0,0.0,0.0,0.0,0.0,0.0
2018-05-29 15:40:50.592292,1023.0,0.0,0.0,0.0,0.0,0.0
2018-05-29 15:40:50.646302,1023.0,0.0,0.0,0.0,0.0,0.0
2018-05-29 15:40:50.699313,1023.0,0.0,0.0,0.0,0.0,0.0
2018-05-29 15:40:50.751323,1023.0,0.0,0.0,0.0,0.0,0.0
2018-05-29 15:40:50.804334,1023.0,0.0,0.0,0.0,0.0,0.0
2018-05-29 15:40:50.858345,1023.0,0.0,0.0,0.0,0.0,0.0
2018-05-29 15:40:50.911355,1023.0,0.0,0.0,0.0,0.0,0.0
2018-05-29 15:40:50.963366,1023.0,0.0,0.0,0.0,0.0,0.0
2018-05-29 15:40:51.021377,1023.0,0.0,0.0,0.0,0.0,0.0
2018-05-29 15:40:51.076388,1023.0,0.0,0.0,0.0,0.0,0.0
2018-05-29 15:40:51.130399,1023.0,0.0,0.0,0.0,0.0,0.0
2018-05-29 15:40:51.184410,1023.0,0.0,0.0,0.0,0.0,0.0
2018-05-29 15:40:51.238421,1023.0,0.0,0.0,0.0,0.0,0.0
2018-05-29 15:40:51.291431,1023.0,0.0,0.0,0.0,0.0,0.0
2018-05-29 15:40:51.345442,1023.0,0.0,0.0,0.0,0.0,0.0
2018-05-29 15:40:51.397453,1023.0,0.0,0.0,0.0,0.0,0.0
2018-05-29 15:40:51.450463,1023.0,0.0,0.0,0.0,0.0,0.0
2018-05-29 15:40:51.503474,1023.0,0.0,0.0,0.0,0.0,0.0
2018-05-29 15:40:51.560485,1023.0,0.0,0.0,0.0,0.0,0.0
2018-05-29 15:40:51.616496,1023.0,0.0,0.0,0.0,0.0,0.0
2018-05-29 15:40:51.671507,1023.0,0.0,0.0,0.0,0.0,0.0
2018-05-29 15:40:51.727519,1023.0,0.0,0.0,0.0,0.0,0.0
2018-05-29 15:40:51.780529,1023.0,0.0,0.0,0.0,0.0,0.0
2018-05-29 15:40:51.834540,1023.0,0.0,0.0,0.0,0.0,0.0
2018-05-29 15:40:51.886550,1023.0,0.0,0.0,0.0,0.0,0.0
2018-05-29 15:40:51.941561,1023.0,0.0,0.0,0.0,0.0,0.0
2018-05-29 15:40:51.995572,1023.0,0.0,0.0,0.0,0.0,0.0
2018-05-29 15:40:52.052584,1023.0,0.0,0.0,0.0,0.0,0.0
2018-05-29 15:40:52.106594,1023.0,0.0,0.0,0.0,0.0,0.0
2018-05-29 15:40:52.161605,1023.0,0.0,0.0,0.0,0.0,0.0
2018-05-29 15:40:52.216616,1023.0,0.0,0.0,0.0,0.0,0.0
2018-05-29 15:40:52.272628,1023.0,0.0,0.0,0.0,0.0,0.0
2018-05-29 15:40:52.325638,1023.0,0.0,0.0,0.0,0.0,0.0
2018-05-29 15:40:52.379649,1023.0,0.0,0.0,0.0,0.0,0.0
2018-05-29 15:40:52.437661,1023.0,0.0,0.0,0.0,0.0,0.0
2018-05-29 15:40:52.491671,1023.0,0.0,0.0,0.0,0.0,0.0
2018-05-29 15:40:52.548683,1023.0,0.0,0.0,0.0,0.0,0.0
2018-05-29 15:40:52.606694,1023.0,0.0,0.0,0.0,0.0,0.0
2018-05-29 15:40:52.662706,1023.0,0.0,0.0,0.0,0.0,0.0
2018-05-29 15:40:52.718717,1023.0,0.0,0.0,0.0,0.0,0.0
2018-05-29 15:40:52.771727,1023.0,0.0,0.0,0.0,0.0,0.0
2018-05-29 15:40:52.824738,1023.0,0.0,0.0,0.0,0.0,0.0
2018-05-29 15:40:52.879749,1023.0,0.0,0.0,0.0,0.0,0.0
2018-05-29 15:40:52.933760,1023.0,0.0,0.0,0.0,0.0,0.0
2018-05-29 15:40:52.987771,1023.0,0.0,0.0,0.0,0.0,0.0
2018-05-29 15:40:53.041781,1023.0,0.0,0.0,0.0,0.0,0.0
2018-05-29 15:40:53.106794,1023.0,0.0,0.0,0.0,0.0,0.0
2018-05-29 15:40:53.163806,1023.0,0.0,0.0,0.0,0.0,0.0
2018-05-29 15:40:53.219817,1023.0,0.0,0.0,0.0,0.0,0.0
2018-05-29 15:40:53.277829,1023.0,0.0,0.0,0.0,0.0,0.0
2018-05-29 15:40:53.341841,1023.0,0.0,0.0,0.0,0.0,0.0
2018-05-29 15:40:53.402854,1023.0,0.0,0.0,0.0,0.0,0.0
2018-05-29 15:40:53.458865,1023.0,0.0,0.0,0.0,0.0,0.0
2018-05-29 15:40:53.513876,1023.0,0.0,0.0,0.0,0.0,0.0
2018-05-29 15:40:53.574888,1023.0,0.0,0.0,0.0,0.0,0.0
2018-05-29 15:40:53.629899,1023.0,0.0,0.0,0.0,0.0,0.0
2018-05-29 15:40:53.684910,1023.0,0.0,0.0,0.0,0.0,0.0
2018-05-29 15:40:53.738921,1023.0,0.0,0.0,0.0,0.0,0.0
2018-05-29 15:40:53.792932,1023.0,0.0,0.0,0.0,0.0,0.0
2018-05-29 15:40:53.847943,1023.0,0.0,0.0,0.0,0.0,0.0
2018-05-29 15:40:53.901953,1023.0,0.0,0.0,0.0,0.0,0.0
2018-05-29 15:40:53.957965,1023.0,0.0,0.0,0.0,0.0,0.0
2018-05-29 15:40:54.018977,1023.0,0.0,0.0,0.0,0.0,0.0
2018-05-29 15:40:54.084990,1023.0,0.0,0.0,0.0,0.0,0.0
2018-05-29 15:40:54.142001,1023.0,0.0,0.0,0.0,0.0,0.0
2018-05-29 15:40:54.200013,1023.0,0.0,0.0,0.0,0.0,0.0
2018-05-29 15:40:54.260025,1023.0,0.0,0.0,0.0,0.0,0.0
2018-05-29 15:40:54.316036,1023.0,0.0,0.0,0.0,0.0,0.0
2018-05-29 15:40:54.374048,1023.0,0.0,0.0,0.0,0.0,0.0
2018-05-29 15:40:54.434060,1023.0,0.0,0.0,0.0,0.0,0.0
2018-05-29 15:40:54.490071,1023.0,0.0,0.0,0.0,0.0,0.0
2018-05-29 15:40:54.548083,1023.0,0.0,0.0,0.0,0.0,0.0
2018-05-29 15:40:54.610095,1023.0,0.0,0.0,0.0,0.0,0.0
2018-05-29 15:40:54.678109,1023.0,0.0,0.0,0.0,0.0,0.0
2018-05-29 15:40:54.735120,1023.0,0.0,0.0,0.0,0.0,0.0
2018-05-29 15:40:54.794132,1023.0,0.0,0.0,0.0,0.0,0.0
2018-05-29 15:40:54.853144,1023.0,0.0,0.0,0.0,0.0,0.0
2018-05-29 15:40:54.911155,1023.0,0.0,0.0,0.0,0.0,0.0
2018-05-29 15:40:54.965166,1023.0,0.0,0.0,0.0,0.0,0.0
2018-05-29 15:40:55.021177,1023.0,0.0,0.0,0.0,0.0,0.0
2018-05-29 15:40:55.109195,1023.0,0.0,0.0,0.0,0.0,0.0
2018-05-29 15:40:55.173208,1023.0,0.0,0.0,0.0,0.0,0.0
2018-05-29 15:40:55.236220,1023.0,0.0,0.0,0.0,0.0,0.0
2018-05-29 15:40:55.304234,1023.0,0.0,0.0,0.0,0.0,0.0
2018-05-29 15:40:55.361245,1023.0,0.0,0.0,0.0,0.0,0.0
2018-05-29 15:40:55.418257,1023.0,0.0,0.0,0.0,0.0,0.0
2018-05-29 15:40:55.477268,1023.0,0.0,0.0,0.0,0.0,0.0
2018-05-29 15:40:55.536280,1023.0,0.0,0.0,0.0,0.0,0.0
2018-05-29 15:40:55.599293,1023.0,0.0,0.0,0.0,0.0,0.0
2018-05-29 15:40:55.655304,1023.0,0.0,0.0,0.0,0.0,0.0
2018-05-29 15:40:55.713316,1023.0,0.0,0.0,0.0,0.0,0.0
2018-05-29 15:40:55.774328,1023.0,0.0,0.0,0.0,0.0,0.0
2018-05-29 15:40:55.829339,1023.0,0.0,0.0,0.0,0.0,0.0
2018-05-29 15:40:55.889351,1023.0,0.0,0.0,0.0,0.0,0.0
2018-05-29 15:40:55.944362,1023.0,0.0,0.0,0.0,0.0,0.0
2018-05-29 15:40:56.007374,1023.0,0.0,0.0,0.0,0.0,0.0
2018-05-29 15:40:56.063386,1023.0,0.0,0.0,0.0,0.0,0.0
2018-05-29 15:40:56.129399,1023.0,0.0,0.0,0.0,0.0,0.0
2018-05-29 15:40:56.187410,1023.0,0.0,0.0,0.0,0.0,0.0
2018-05-29 15:40:56.242421,1023.0,0.0,0.0,0.0,0.0,0.0
2018-05-29 15:40:56.300433,1023.0,0.0,0.0,0.0,0.0,0.0
2018-05-29 15:40:56.357444,1023.0,0.0,0.0,0.0,0.0,0.0
2018-05-29 15:40:56.414456,1023.0,0.0,0.0,0.0,0.0,0.0
2018-05-29 15:40:56.474468,1023.0,0.0,0.0,0.0,0.0,0.0
2018-05-29 15:40:56.530479,1023.0,0.0,0.0,0.0,0.0,0.0
2018-05-29 15:40:56.587490,1023.0,0.0,0.0,0.0,0.0,0.0
2018-05-29 15:40:56.648503,1023.0,0.0,0.0,0.0,0.0,0.0
2018-05-29 15:40:56.702513,1023.0,0.0,0.0,0.0,0.0,0.0
2018-05-29 15:40:56.756524,1023.0,0.0,0.0,0.0,0.0,0.0
2018-05-29 15:40:56.810535,1023.0,0.0,0.0,0.0,0.0,0.0
2018-05-29 15:40:56.866546,1023.0,0.0,0.0,0.0,0.0,0.0
2018-05-29 15:40:56.921557,1023.0,0.0,0.0,0.0,0.0,0.0
2018-05-29 15:40:56.975568,1023.0,0.0,0.0,0.0,0.0,0.0
2018-05-29 15:40:57.033580,1023.0,0.0,0.0,0.0,0.0,0.0
2018-05-29 15:40:57.092591,1023.0,0.0,0.0,0.0,0.0,0.0
2018-05-29 15:40:57.153604,1023.0,0.0,0.0,0.0,0.0,0.0
2018-05-29 15:40:57.208615,1023.0,0.0,0.0,0.0,0.0,0.0
2018-05-29 15:40:57.264626,1023.0,0.0,0.0,0.0,0.0,0.0
2018-05-29 15:40:57.322637,1023.0,0.0,0.0,0.0,0.0,0.0
2018-05-29 15:40:57.377648,1023.0,0.0,0.0,0.0,0.0,0.0
2018-05-29 15:40:57.432659,1023.0,0.0,0.0,0.0,0.0,0.0
2018-05-29 15:40:57.487670,1023.0,0.0,0.0,0.0,0.0,0.0
2018-05-29 15:40:57.542681,1023.0,0.0,0.0,0.0,0.0,0.0
2018-05-29 15:40:57.598693,1023.0,0.0,0.0,0.0,0.0,0.0
2018-05-29 15:40:57.658705,1023.0,0.0,0.0,0.0,0.0,0.0
2018-05-29 15:40:57.715716,1023.0,0.0,0.0,0.0,0.0,0.0
2018-05-29 15:40:57.771727,1023.0,0.0,0.0,0.0,0.0,0.0
2018-05-29 15:40:57.826738,1023.0,0.0,0.0,0.0,0.0,0.0
2018-05-29 15:40:57.880749,1023.0,0.0,0.0,0.0,0.0,0.0
2018-05-29 15:40:57.937760,1023.0,0.0,0.0,0.0,0.0,0.0
2018-05-29 15:40:57.993772,1023.0,0.0,0.0,0.0,0.0,0.0
2018-05-29 15:40:58.049783,1023.0,0.0,0.0,0.0,0.0,0.0
2018-05-29 15:40:58.108795,1023.0,0.0,0.0,0.0,0.0,0.0
2018-05-29 15:40:58.167806,1023.0,0.0,0.0,0.0,0.0,0.0
2018-05-29 15:40:58.223818,1023.0,0.0,0.0,0.0,0.0,0.0
2018-05-29 15:40:58.279829,1023.0,0.0,0.0,0.0,0.0,0.0
2018-05-29 15:40:58.335840,1023.0,0.0,0.0,0.0,0.0,0.0
2018-05-29 15:40:58.390851,1023.0,0.0,0.0,0.0,0.0,0.0
2018-05-29 15:40:58.445862,1023.0,0.0,0.0,0.0,0.0,0.0
2018-05-29 15:40:58.500873,1023.0,0.0,0.0,0.0,0.0,0.0
2018-05-29 15:40:58.555884,1023.0,0.0,0.0,0.0,0.0,0.0
2018-05-29 15:40:58.611895,1023.0,0.0,0.0,0.0,0.0,0.0
2018-05-29 15:40:58.672907,1023.0,0.0,0.0,0.0,0.0,0.0
2018-05-29 15:40:58.729919,1023.0,0.0,0.0,0.0,0.0,0.0
2018-05-29 15:40:58.783930,1023.0,0.0,0.0,0.0,0.0,0.0
2018-05-29 15:40:58.839941,1023.0,0.0,0.0,0.0,0.0,0.0
2018-05-29 15:40:58.896952,1023.0,0.0,0.0,0.0,0.0,0.0
2018-05-29 15:40:58.950963,1023.0,0.0,0.0,0.0,0.0,0.0
2018-05-29 15:40:59.004974,1023.0,0.0,0.0,0.0,0.0,0.0
2018-05-29 15:40:59.058985,1023.0,0.0,0.0,0.0,0.0,0.0
2018-05-29 15:40:59.112995,1023.0,0.0,0.0,0.0,0.0,0.0
2018-05-29 15:40:59.172007,1023.0,0.0,0.0,0.0,0.0,0.0
2018-05-29 15:40:59.227018,1023.0,0.0,0.0,0.0,0.0,0.0
2018-05-29 15:40:59.282029,1023.0,0.0,0.0,0.0,0.0,0.0
2018-05-29 15:40:59.336040,1023.0,0.0,0.0,0.0,0.0,0.0
2018-05-29 15:40:59.390051,1023.0,0.0,0.0,0.0,0.0,0.0
2018-05-29 15:40:59.446062,1023.0,0.0,0.0,0.0,0.0,0.0
2018-05-29 15:40:59.500073,1023.0,0.0,0.0,0.0,0.0,0.0
2018-05-29 15:40:59.554084,1023.0,0.0,0.0,0.0,0.0,0.0
2018-05-29 15:40:59.608094,1023.0,0.0,0.0,0.0,0.0,0.0
2018-05-29 15:40:59.667106,1023.0,0.0,0.0,0.0,0.0,0.0
2018-05-29 15:40:59.722117,1023.0,0.0,0.0,0.0,0.0,0.0
2018-05-29 15:40:59.777128,1023.0,0.0,0.0,0.0,0.0,0.0
2018-05-29 15:40:59.830139,1023.0,0.0,0.0,0.0,0.0,0.0
2018-05-29 15:40:59.886150,1023.0,0.0,0.0,0.0,0.0,0.0
2018-05-29 15:40:59.941161,1023.0,0.0,0.0,0.0,0.0,0.0
2018-05-29 15:41:00.006174,1023.0,0.0,0.0,0.0,0.0,0.0
2018-05-29 15:41:00.059185,1023.0,0.0,0.0,0.0,0.0,0.0
2018-05-29 15:41:00.115196,1023.0,0.0,0.0,0.0,0.0,0.0
2018-05-29 15:41:00.176208,1023.0,0.0,0.0,0.0,0.0,0.0
2018-05-29 15:41:00.347242,1023.0,0.0,0.0,0.0,0.0,0.0
2018-05-29 15:41:13.373847,1023.0,0.0,0.0,0.0,0.0,0.0
2018-05-29 15:41:13.439860,1023.0,0.0,0.0,0.0,0.0,0.0
2018-05-29 15:41:13.492871,1023.0,0.0,0.0,0.0,0.0,0.0
2018-05-29 15:41:13.548882,1023.0,0.0,0.0,0.0,0.0,0.0
2018-05-29 15:41:13.603893,1023.0,0.0,0.0,0.0,0.0,0.0
2018-05-29 15:41:13.656904,1023.0,0.0,0.0,0.0,0.0,0.0
2018-05-29 15:41:13.711915,1023.0,0.0,0.0,0.0,0.0,0.0
2018-05-29 15:41:13.768926,1023.0,0.0,0.0,0.0,0.0,0.0
2018-05-29 15:41:13.821937,1023.0,0.0,0.0,0.0,0.0,0.0
2018-05-29 15:41:13.875947,1023.0,0.0,0.0,0.0,0.0,0.0
2018-05-29 15:41:13.928958,1023.0,0.0,0.0,0.0,0.0,0.0
2018-05-29 15:41:13.984969,1023.0,0.0,0.0,0.0,0.0,0.0
2018-05-29 15:41:14.039980,1023.0,0.0,0.0,0.0,0.0,0.0
2018-05-29 15:41:14.092991,1023.0,0.0,0.0,0.0,0.0,0.0
2018-05-29 15:41:14.147002,1023.0,0.0,0.0,0.0,0.0,0.0
2018-05-29 15:41:14.201012,1023.0,0.0,0.0,0.0,0.0,0.0
2018-05-29 15:41:14.254023,1023.0,0.0,0.0,0.0,0.0,0.0
2018-05-29 15:41:14.308034,1023.0,0.0,0.0,0.0,0.0,0.0
2018-05-29 15:41:14.361044,1023.0,0.0,0.0,0.0,0.0,0.0
2018-05-29 15:41:14.415055,1023.0,0.0,0.0,0.0,0.0,0.0
2018-05-29 15:41:14.479068,1023.0,0.0,0.0,0.0,0.0,0.0
2018-05-29 15:41:14.555083,1023.0,0.0,0.0,0.0,0.0,0.0
2018-05-29 15:41:14.608094,1023.0,0.0,0.0,0.0,0.0,0.0
2018-05-29 15:41:14.662105,1023.0,0.0,0.0,0.0,0.0,0.0
2018-05-29 15:41:14.716115,1023.0,0.0,0.0,0.0,0.0,0.0
2018-05-29 15:41:14.772127,1023.0,0.0,0.0,0.0,0.0,0.0
2018-05-29 15:41:14.826137,1023.0,0.0,0.0,0.0,0.0,0.0
2018-05-29 15:41:14.880148,1023.0,0.0,0.0,0.0,0.0,0.0
2018-05-29 15:41:14.934159,1023.0,0.0,0.0,0.0,0.0,0.0
2018-05-29 15:41:14.995171,1023.0,0.0,0.0,0.0,0.0,0.0
2018-05-29 15:41:15.049182,1023.0,0.0,0.0,0.0,0.0,0.0
2018-05-29 15:41:15.102193,1023.0,0.0,0.0,0.0,0.0,0.0
2018-05-29 15:41:15.159204,1023.0,0.0,0.0,0.0,0.0,0.0
2018-05-29 15:41:15.215215,1023.0,0.0,0.0,0.0,0.0,0.0
2018-05-29 15:41:15.270226,1023.0,0.0,0.0,0.0,0.0,0.0
2018-05-29 15:41:15.325237,1023.0,0.0,0.0,0.0,0.0,0.0
2018-05-29 15:41:15.382249,1023.0,0.0,0.0,0.0,0.0,0.0
2018-05-29 15:41:15.439260,1023.0,0.0,0.0,0.0,0.0,0.0
2018-05-29 15:41:15.496271,1023.0,0.0,0.0,0.0,0.0,0.0
2018-05-29 15:41:15.554283,1023.0,0.0,0.0,0.0,0.0,0.0
2018-05-29 15:41:15.610294,1023.0,0.0,0.0,0.0,0.0,0.0
2018-05-29 15:41:15.665305,1023.0,0.0,0.0,0.0,0.0,0.0
2018-05-29 15:41:15.722317,1023.0,0.0,0.0,0.0,0.0,0.0
2018-05-29 15:41:15.778328,1023.0,0.0,0.0,0.0,0.0,0.0
2018-05-29 15:41:15.835339,1023.0,0.0,0.0,0.0,0.0,0.0
2018-05-29 15:41:15.888350,1023.0,0.0,0.0,0.0,0.0,0.0
2018-05-29 15:41:15.944361,1023.0,0.0,0.0,0.0,0.0,0.0
2018-05-29 15:41:16.003373,1023.0,0.0,0.0,0.0,0.0,0.0
2018-05-29 15:41:16.062385,1023.0,0.0,0.0,0.0,0.0,0.0
2018-05-29 15:41:16.116395,1023.0,0.0,0.0,0.0,0.0,0.0
2018-05-29 15:41:16.170406,1023.0,0.0,0.0,0.0,0.0,0.0
2018-05-29 15:41:16.225417,1023.0,0.0,0.0,0.0,0.0,0.0
2018-05-29 15:41:16.281428,1023.0,0.0,0.0,0.0,0.0,0.0
2018-05-29 15:41:20.180208,1023.0,0.0,0.0,0.0,0.0,0.0
2018-05-29 15:41:20.244221,1023.0,0.0,0.0,0.0,0.0,0.0
2018-05-29 15:41:20.298232,1023.0,0.0,0.0,0.0,0.0,0.0
2018-05-29 15:41:20.353243,1023.0,0.0,0.0,0.0,0.0,0.0
2018-05-29 15:41:20.407253,1023.0,0.0,0.0,0.0,0.0,0.0
2018-05-29 15:41:20.461264,1023.0,0.0,0.0,0.0,0.0,0.0
2018-05-29 15:41:20.513275,1023.0,0.0,0.0,0.0,0.0,0.0
2018-05-29 15:41:20.568286,1023.0,0.0,0.0,0.0,0.0,0.0
2018-05-29 15:41:20.621296,1023.0,0.0,0.0,0.0,0.0,0.0
2018-05-29 15:41:20.674307,1023.0,0.0,0.0,0.0,0.0,0.0
2018-05-29 15:41:20.726317,1023.0,0.0,0.0,0.0,0.0,0.0
2018-05-29 15:41:20.779328,1023.0,0.0,0.0,0.0,0.0,0.0
2018-05-29 15:41:20.833339,1023.0,0.0,0.0,0.0,0.0,0.0
2018-05-29 15:41:20.887349,1023.0,0.0,0.0,0.0,0.0,0.0
2018-05-29 15:41:20.940360,1023.0,0.0,0.0,0.0,0.0,0.0
2018-05-29 15:41:20.997371,1023.0,0.0,0.0,0.0,0.0,0.0
2018-05-29 15:41:21.051382,1023.0,0.0,0.0,0.0,0.0,0.0
2018-05-29 15:41:21.104393,1023.0,0.0,0.0,0.0,0.0,0.0
2018-05-29 15:41:21.158404,1023.0,0.0,0.0,0.0,0.0,0.0
2018-05-29 15:41:21.211414,1023.0,0.0,0.0,0.0,0.0,0.0
2018-05-29 15:41:21.272426,1023.0,0.0,0.0,0.0,0.0,0.0
2018-05-29 15:41:21.326437,1023.0,0.0,0.0,0.0,0.0,0.0
2018-05-29 15:41:21.384449,1023.0,0.0,0.0,0.0,0.0,0.0
2018-05-29 15:41:21.440460,1023.0,0.0,0.0,0.0,0.0,0.0
2018-05-29 15:41:21.494471,1023.0,0.0,0.0,0.0,0.0,0.0
2018-05-29 15:41:21.547481,1023.0,0.0,0.0,0.0,0.0,0.0
2018-05-29 15:41:21.600492,1023.0,0.0,0.0,0.0,0.0,0.0
2018-05-29 15:41:21.653503,1023.0,0.0,0.0,0.0,0.0,0.0
2018-05-29 15:41:21.707513,1023.0,0.0,0.0,0.0,0.0,0.0
2018-05-29 15:41:21.766525,1023.0,0.0,0.0,0.0,0.0,0.0
2018-05-29 15:41:21.820536,1023.0,0.0,0.0,0.0,0.0,0.0
2018-05-29 15:41:21.876547,1023.0,0.0,0.0,0.0,0.0,0.0
2018-05-29 15:41:21.930558,1023.0,0.0,0.0,0.0,0.0,0.0
2018-05-29 15:41:21.984569,1023.0,0.0,0.0,0.0,0.0,0.0
2018-05-29 15:41:22.038580,1023.0,0.0,0.0,0.0,0.0,0.0
2018-05-29 15:41:22.093591,1023.0,0.0,0.0,0.0,0.0,0.0
2018-05-29 15:41:22.147601,1023.0,0.0,0.0,0.0,0.0,0.0
2018-05-29 15:41:22.201612,1023.0,0.0,0.0,0.0,0.0,0.0
2018-05-29 15:41:22.254623,1023.0,0.0,0.0,0.0,0.0,0.0
2018-05-29 15:41:22.315635,1023.0,0.0,0.0,0.0,0.0,0.0
2018-05-29 15:41:22.368646,1023.0,0.0,0.0,0.0,0.0,0.0
2018-05-29 15:41:22.424657,1023.0,0.0,0.0,0.0,0.0,0.0
2018-05-29 15:41:22.479668,1023.0,0.0,0.0,0.0,0.0,0.0
2018-05-29 15:41:22.533679,1023.0,0.0,0.0,0.0,0.0,0.0
2018-05-29 15:41:22.586689,1023.0,0.0,0.0,0.0,0.0,0.0
2018-05-29 15:41:22.641700,1023.0,0.0,0.0,0.0,0.0,0.0
2018-05-29 15:41:22.694711,1023.0,0.0,0.0,0.0,0.0,0.0
2018-05-29 15:41:22.748722,1023.0,0.0,0.0,0.0,0.0,0.0
2018-05-29 15:41:22.806733,1023.0,0.0,0.0,0.0,0.0,0.0
2018-05-29 15:41:22.861744,1023.0,0.0,0.0,0.0,0.0,0.0
2018-05-29 15:41:22.914755,1023.0,0.0,0.0,0.0,0.0,0.0
2018-05-29 15:41:22.968766,1023.0,0.0,0.0,0.0,0.0,0.0
2018-05-29 15:41:23.024777,1023.0,0.0,0.0,0.0,0.0,0.0
2018-05-29 15:41:23.078788,1023.0,0.0,0.0,0.0,0.0,0.0
2018-05-29 15:41:23.132798,1023.0,0.0,0.0,0.0,0.0,0.0
2018-05-29 15:41:23.185809,1023.0,0.0,0.0,0.0,0.0,0.0
2018-05-29 15:41:23.242820,1023.0,0.0,0.0,0.0,0.0,0.0
2018-05-29 15:41:23.301832,1023.0,0.0,0.0,0.0,0.0,0.0
2018-05-29 15:41:23.355843,1023.0,0.0,0.0,0.0,0.0,0.0
2018-05-29 15:41:23.409854,1023.0,0.0,0.0,0.0,0.0,0.0
2018-05-29 15:41:23.463865,1023.0,0.0,0.0,0.0,0.0,0.0
2018-05-29 15:41:23.518876,1023.0,0.0,0.0,0.0,0.0,0.0
2018-05-29 15:41:23.573887,1023.0,0.0,0.0,0.0,0.0,0.0
2018-05-29 15:41:23.626897,1023.0,0.0,0.0,0.0,0.0,0.0
2018-05-29 15:41:23.682908,1023.0,0.0,0.0,0.0,0.0,0.0
2018-05-29 15:41:23.735919,1023.0,0.0,0.0,0.0,0.0,0.0
2018-05-29 15:41:23.795931,1023.0,0.0,0.0,0.0,0.0,0.0
2018-05-29 15:41:23.850942,1023.0,0.0,0.0,0.0,0.0,0.0
2018-05-29 15:41:23.903953,1023.0,0.0,0.0,0.0,0.0,0.0
2018-05-29 15:41:23.956963,1023.0,0.0,0.0,0.0,0.0,0.0
2018-05-29 15:41:24.012974,1023.0,0.0,0.0,0.0,0.0,0.0
2018-05-29 15:41:24.067985,1023.0,0.0,0.0,0.0,0.0,0.0
2018-05-29 15:41:24.121996,1023.0,0.0,0.0,0.0,0.0,0.0
2018-05-29 15:41:24.179008,1023.0,0.0,0.0,0.0,0.0,0.0
2018-05-29 15:41:24.236019,1023.0,0.0,0.0,0.0,0.0,0.0
2018-05-29 15:41:24.293030,1023.0,0.0,0.0,0.0,0.0,0.0
2018-05-29 15:41:24.353042,1023.0,0.0,0.0,0.0,0.0,0.0
2018-05-29 15:41:24.406053,1023.0,0.0,0.0,0.0,0.0,0.0
2018-05-29 15:41:26.435459,1023.0,0.0,0.0,0.0,0.0,0.0
2018-05-29 15:41:26.494471,1023.0,0.0,0.0,0.0,0.0,0.0
2018-05-29 15:41:26.550482,1023.0,0.0,0.0,0.0,0.0,0.0
2018-05-29 15:41:26.604493,1023.0,0.0,0.0,0.0,0.0,0.0
2018-05-29 15:41:26.660504,1023.0,0.0,0.0,0.0,0.0,0.0
2018-05-29 15:41:26.716515,1023.0,0.0,0.0,0.0,0.0,0.0
2018-05-29 15:41:26.769526,1023.0,0.0,0.0,0.0,0.0,0.0
2018-05-29 15:41:26.822536,1023.0,0.0,0.0,0.0,0.0,0.0
2018-05-29 15:41:26.875547,1023.0,0.0,0.0,0.0,0.0,0.0
2018-05-29 15:41:26.929558,1023.0,0.0,0.0,0.0,0.0,0.0
2018-05-29 15:41:26.984569,1023.0,0.0,0.0,0.0,0.0,0.0
2018-05-29 15:41:27.042580,1023.0,0.0,0.0,0.0,0.0,0.0
2018-05-29 15:41:27.096591,1023.0,0.0,0.0,0.0,0.0,0.0
2018-05-29 15:41:27.148601,1023.0,0.0,0.0,0.0,0.0,0.0
2018-05-29 15:41:27.204613,1023.0,0.0,0.0,0.0,0.0,0.0
2018-05-29 15:41:27.257623,1023.0,0.0,0.0,0.0,0.0,0.0
2018-05-29 15:41:27.311634,1023.0,0.0,0.0,0.0,0.0,0.0
2018-05-29 15:41:27.365645,1023.0,0.0,0.0,0.0,0.0,0.0
2018-05-29 15:41:27.419656,1023.0,0.0,0.0,0.0,0.0,0.0
2018-05-29 15:41:27.474667,1023.0,0.0,0.0,0.0,0.0,0.0
2018-05-29 15:41:27.533678,1023.0,0.0,0.0,0.0,0.0,0.0
2018-05-29 15:41:27.586689,1023.0,0.0,0.0,0.0,0.0,0.0
2018-05-29 15:41:27.640700,1023.0,0.0,0.0,0.0,0.0,0.0
2018-05-29 15:41:27.695711,1023.0,0.0,0.0,0.0,0.0,0.0
2018-05-29 15:41:27.748721,1023.0,0.0,0.0,0.0,0.0,0.0
2018-05-29 15:41:27.802732,1023.0,0.0,0.0,0.0,0.0,0.0
2018-05-29 15:41:27.859744,1023.0,0.0,0.0,0.0,0.0,0.0
2018-05-29 15:41:27.912754,1023.0,0.0,0.0,0.0,0.0,0.0
2018-05-29 15:41:27.967765,1023.0,0.0,0.0,0.0,0.0,0.0
2018-05-29 15:41:28.027777,1023.0,0.0,0.0,0.0,0.0,0.0
2018-05-29 15:41:28.082788,1023.0,0.0,0.0,0.0,0.0,0.0
2018-05-29 15:41:28.137799,1023.0,0.0,0.0,0.0,0.0,0.0
2018-05-29 15:41:28.191810,1023.0,0.0,0.0,0.0,0.0,0.0
2018-05-29 15:41:28.274827,1023.0,0.0,0.0,0.0,0.0,0.0
2018-05-29 15:41:28.328837,1023.0,0.0,0.0,0.0,0.0,0.0
2018-05-29 15:41:28.382848,1023.0,0.0,0.0,0.0,0.0,0.0
2018-05-29 15:41:28.437859,1023.0,0.0,0.0,0.0,0.0,0.0
2018-05-29 15:41:28.491870,1023.0,0.0,0.0,0.0,0.0,0.0
2018-05-29 15:41:30.036179,1023.0,0.0,0.0,0.0,0.0,0.0
2018-05-29 15:41:30.096191,1023.0,0.0,0.0,0.0,0.0,0.0
2018-05-29 15:41:30.152202,1023.0,0.0,0.0,0.0,0.0,0.0
2018-05-29 15:41:30.208213,1023.0,0.0,0.0,0.0,0.0,0.0
2018-05-29 15:41:30.262224,1023.0,0.0,0.0,0.0,0.0,0.0
2018-05-29 15:41:30.314234,1023.0,0.0,0.0,0.0,0.0,0.0
2018-05-29 15:41:30.370246,1023.0,0.0,0.0,0.0,0.0,0.0
2018-05-29 15:41:30.423256,1023.0,0.0,0.0,0.0,0.0,0.0
2018-05-29 15:41:30.477267,1023.0,0.0,0.0,0.0,0.0,0.0
2018-05-29 15:41:30.530278,1023.0,0.0,0.0,0.0,0.0,0.0
2018-05-29 15:41:30.584288,1023.0,0.0,0.0,0.0,0.0,0.0
2018-05-29 15:41:30.638299,1023.0,0.0,0.0,0.0,0.0,0.0
2018-05-29 15:41:30.697311,1023.0,0.0,0.0,0.0,0.0,0.0
2018-05-29 15:41:30.751322,1023.0,0.0,0.0,0.0,0.0,0.0
2018-05-29 15:41:30.804332,1023.0,0.0,0.0,0.0,0.0,0.0
2018-05-29 15:41:30.862344,1023.0,0.0,0.0,0.0,0.0,0.0
2018-05-29 15:41:30.916355,1023.0,0.0,0.0,0.0,0.0,0.0
2018-05-29 15:41:30.970366,1023.0,0.0,0.0,0.0,0.0,0.0
2018-05-29 15:41:31.024376,1023.0,0.0,0.0,0.0,0.0,0.0
2018-05-29 15:42:06.738518,1023.0,0.0,0.0,0.0,0.0,0.0
2018-05-29 15:42:06.798530,1023.0,0.0,0.0,0.0,0.0,0.0
2018-05-29 15:42:06.852541,1023.0,0.0,0.0,0.0,0.0,0.0
2018-05-29 15:42:06.906551,1023.0,0.0,0.0,0.0,0.0,0.0
2018-05-29 15:42:06.960562,1023.0,0.0,0.0,0.0,0.0,0.0
2018-05-29 15:42:07.015573,1023.0,0.0,0.0,0.0,0.0,0.0
2018-05-29 15:42:07.070584,1023.0,0.0,0.0,0.0,0.0,0.0
2018-05-29 15:42:07.123595,1023.0,0.0,0.0,0.0,0.0,0.0
2018-05-29 15:42:07.178606,1023.0,0.0,0.0,0.0,0.0,0.0
2018-05-29 15:42:07.231616,1023.0,0.0,0.0,0.0,0.0,0.0
2018-05-29 15:42:07.285627,1023.0,0.0,0.0,0.0,0.0,0.0
2018-05-29 15:42:07.438658,1023.0,0.0,0.0,0.0,0.0,0.0
2018-05-29 15:42:08.346839,1023.0,0.0,0.0,0.0,0.0,0.0
2018-05-29 15:42:08.406851,1023.0,0.0,0.0,0.0,0.0,0.0
2018-05-29 15:42:08.462863,1023.0,0.0,0.0,0.0,0.0,0.0
2018-05-29 15:42:08.523875,1023.0,0.0,0.0,0.0,0.0,0.0
2018-05-29 15:42:08.578886,1023.0,0.0,0.0,0.0,0.0,0.0
2018-05-29 15:42:08.635897,1023.0,0.0,0.0,0.0,0.0,0.0
2018-05-29 15:42:08.691908,1023.0,0.0,0.0,0.0,0.0,0.0
2018-05-29 15:42:08.747920,1023.0,0.0,0.0,0.0,0.0,0.0
2018-05-29 15:42:08.802931,1023.0,0.0,0.0,0.0,0.0,0.0
2018-05-29 15:42:08.856941,1023.0,0.0,0.0,0.0,0.0,0.0
2018-05-29 15:42:08.911952,1023.0,0.0,0.0,0.0,0.0,0.0
2018-05-29 15:42:08.966963,1023.0,0.0,0.0,0.0,0.0,0.0
2018-05-29 15:42:09.020974,1023.0,0.0,0.0,0.0,0.0,0.0
2018-05-29 15:42:09.074985,1023.0,0.0,0.0,0.0,0.0,0.0
2018-05-29 15:42:09.130996,1023.0,0.0,0.0,0.0,0.0,0.0
2018-05-29 15:42:09.185007,1023.0,0.0,0.0,0.0,0.0,0.0
2018-05-29 15:42:09.239018,1023.0,0.0,0.0,0.0,0.0,0.0
2018-05-29 15:42:09.292028,1023.0,0.0,0.0,0.0,0.0,0.0
2018-05-29 15:42:09.347039,1023.0,0.0,0.0,0.0,0.0,0.0
2018-05-29 15:42:09.400050,1023.0,0.0,0.0,0.0,0.0,0.0
2018-05-29 15:42:09.460062,1023.0,0.0,0.0,0.0,0.0,0.0
2018-05-29 15:42:09.514073,1023.0,0.0,0.0,0.0,0.0,0.0
2018-05-29 15:42:09.570084,1023.0,0.0,0.0,0.0,0.0,0.0
2018-05-29 15:42:09.623095,1023.0,0.0,0.0,0.0,0.0,0.0
2018-05-29 15:42:09.677105,1023.0,0.0,0.0,0.0,0.0,0.0
2018-05-29 15:42:09.732116,1023.0,0.0,0.0,0.0,0.0,0.0
2018-05-29 15:42:09.787127,1023.0,0.0,0.0,0.0,0.0,0.0
2018-05-29 15:42:09.840138,1023.0,0.0,0.0,0.0,0.0,0.0
2018-05-29 15:42:09.894149,1023.0,0.0,0.0,0.0,0.0,0.0
2018-05-29 15:42:09.954161,1023.0,0.0,0.0,0.0,0.0,0.0
2018-05-29 15:42:10.009172,1023.0,0.0,0.0,0.0,0.0,0.0
2018-05-29 15:42:10.062182,1023.0,0.0,0.0,0.0,0.0,0.0
2018-05-29 15:42:10.117193,1023.0,0.0,0.0,0.0,0.0,0.0
2018-05-29 15:42:10.170204,1023.0,0.0,0.0,0.0,0.0,0.0
2018-05-29 15:42:10.225215,1023.0,0.0,0.0,0.0,0.0,0.0
2018-05-29 15:42:10.278226,1023.0,0.0,0.0,0.0,0.0,0.0
2018-05-29 15:42:10.331236,1023.0,0.0,0.0,0.0,0.0,0.0
2018-05-29 15:42:10.391248,1023.0,0.0,0.0,0.0,0.0,0.0
2018-05-29 15:42:10.452260,1023.0,0.0,0.0,0.0,0.0,0.0
2018-05-29 15:42:10.508272,1023.0,0.0,0.0,0.0,0.0,0.0
2018-05-29 15:42:10.592288,1023.0,0.0,0.0,0.0,0.0,0.0
2018-05-29 15:42:10.645299,1023.0,0.0,0.0,0.0,0.0,0.0
2018-05-29 15:42:10.698310,1023.0,0.0,0.0,0.0,0.0,0.0
2018-05-29 15:42:10.752320,1023.0,0.0,0.0,0.0,0.0,0.0
2018-05-29 15:42:10.810332,1023.0,0.0,0.0,0.0,0.0,0.0
2018-05-29 15:42:10.863343,1023.0,0.0,0.0,0.0,0.0,0.0
2018-05-29 15:42:10.921354,1023.0,0.0,0.0,0.0,0.0,0.0
2018-05-29 15:42:10.983367,1023.0,0.0,0.0,0.0,0.0,0.0
2018-05-29 15:42:11.038378,1023.0,0.0,0.0,0.0,0.0,0.0
2018-05-29 15:42:11.097389,1023.0,0.0,0.0,0.0,0.0,0.0
2018-05-29 15:42:11.153401,1023.0,0.0,0.0,0.0,0.0,0.0
2018-05-29 15:42:11.209412,1023.0,0.0,0.0,0.0,0.0,0.0
2018-05-29 15:42:11.265423,1023.0,0.0,0.0,0.0,0.0,0.0
2018-05-29 15:42:11.320434,1023.0,0.0,0.0,0.0,0.0,0.0
2018-05-29 15:42:11.376445,1023.0,0.0,0.0,0.0,0.0,0.0
2018-05-29 15:42:11.435457,1023.0,0.0,0.0,0.0,0.0,0.0
2018-05-29 15:42:11.502470,1023.0,0.0,0.0,0.0,0.0,0.0
2018-05-29 15:42:11.560482,1023.0,0.0,0.0,0.0,0.0,0.0
2018-05-29 15:42:11.615493,1023.0,0.0,0.0,0.0,0.0,0.0
2018-05-29 15:42:11.672504,1023.0,0.0,0.0,0.0,0.0,0.0
2018-05-29 15:42:11.730516,1023.0,0.0,0.0,0.0,0.0,0.0
2018-05-29 15:42:11.787527,1023.0,0.0,0.0,0.0,0.0,0.0
2018-05-29 15:42:11.842538,1023.0,0.0,0.0,0.0,0.0,0.0
2018-05-29 15:42:11.898550,1023.0,0.0,0.0,0.0,0.0,0.0
2018-05-29 15:42:11.958562,1023.0,0.0,0.0,0.0,0.0,0.0
2018-05-29 15:42:12.019574,1023.0,0.0,0.0,0.0,0.0,0.0
2018-05-29 15:42:12.075585,1023.0,0.0,0.0,0.0,0.0,0.0
2018-05-29 15:42:12.130596,1023.0,0.0,0.0,0.0,0.0,0.0
2018-05-29 15:42:12.190608,1023.0,0.0,0.0,0.0,0.0,0.0
2018-05-29 15:42:12.243619,1023.0,0.0,0.0,0.0,0.0,0.0
2018-05-29 15:42:12.301630,1023.0,0.0,0.0,0.0,0.0,0.0
2018-05-29 15:42:12.357641,1023.0,0.0,0.0,0.0,0.0,0.0
2018-05-29 15:42:12.411652,1023.0,0.0,0.0,0.0,0.0,0.0
2018-05-29 15:42:12.468664,1023.0,0.0,0.0,0.0,0.0,0.0
2018-05-29 15:42:12.531676,1023.0,0.0,0.0,0.0,0.0,0.0
2018-05-29 15:42:12.585687,1023.0,0.0,0.0,0.0,0.0,0.0
2018-05-29 15:42:12.650700,1023.0,0.0,0.0,0.0,0.0,0.0
2018-05-29 15:42:12.710712,1023.0,0.0,0.0,0.0,0.0,0.0
2018-05-29 15:42:12.767723,1023.0,0.0,0.0,0.0,0.0,0.0
2018-05-29 15:42:12.824735,1023.0,0.0,0.0,0.0,0.0,0.0
2018-05-29 15:42:12.879746,1023.0,0.0,0.0,0.0,0.0,0.0
2018-05-29 15:42:12.937757,1023.0,0.0,0.0,0.0,0.0,0.0
2018-05-29 15:42:12.999770,1023.0,0.0,0.0,0.0,0.0,0.0
2018-05-29 15:42:13.053781,1023.0,0.0,0.0,0.0,0.0,0.0
2018-05-29 15:42:13.107791,1023.0,0.0,0.0,0.0,0.0,0.0
2018-05-29 15:42:13.162802,1023.0,0.0,0.0,0.0,0.0,0.0
2018-05-29 15:42:13.219814,1023.0,0.0,0.0,0.0,0.0,0.0
2018-05-29 15:42:13.299830,1023.0,0.0,0.0,0.0,0.0,0.0
2018-05-29 15:42:13.352840,1023.0,0.0,0.0,0.0,0.0,0.0
2018-05-29 15:42:13.409852,1023.0,0.0,0.0,0.0,0.0,0.0
2018-05-29 15:42:13.464863,1023.0,0.0,0.0,0.0,0.0,0.0
2018-05-29 15:42:13.521874,1023.0,0.0,0.0,0.0,0.0,0.0
2018-05-29 15:42:13.575885,1023.0,0.0,0.0,0.0,0.0,0.0
2018-05-29 15:42:13.631896,1023.0,0.0,0.0,0.0,0.0,0.0
2018-05-29 15:42:13.684907,1023.0,0.0,0.0,0.0,0.0,0.0
2018-05-29 15:42:13.738918,1023.0,0.0,0.0,0.0,0.0,0.0
2018-05-29 15:42:13.791928,1023.0,0.0,0.0,0.0,0.0,0.0
2018-05-29 15:42:13.845939,1023.0,0.0,0.0,0.0,0.0,0.0
2018-05-29 15:42:13.897949,1023.0,0.0,0.0,0.0,0.0,0.0
2018-05-29 15:42:13.951960,1023.0,0.0,0.0,0.0,0.0,0.0
2018-05-29 15:42:14.012972,1023.0,0.0,0.0,0.0,0.0,0.0
2018-05-29 15:42:14.066983,1023.0,0.0,0.0,0.0,0.0,0.0
2018-05-29 15:42:14.119994,1023.0,0.0,0.0,0.0,0.0,0.0
2018-05-29 15:42:14.175005,1023.0,0.0,0.0,0.0,0.0,0.0
2018-05-29 15:42:14.230016,1023.0,0.0,0.0,0.0,0.0,0.0
2018-05-29 15:42:14.287027,1023.0,0.0,0.0,0.0,0.0,0.0
2018-05-29 15:42:14.339038,1023.0,0.0,0.0,0.0,0.0,0.0
2018-05-29 15:42:14.393048,1023.0,0.0,0.0,0.0,0.0,0.0
2018-05-29 15:42:14.447059,1023.0,0.0,0.0,0.0,0.0,0.0
2018-05-29 15:42:14.503070,1023.0,0.0,0.0,0.0,0.0,0.0
2018-05-29 15:42:14.560082,1023.0,0.0,0.0,0.0,0.0,0.0
2018-05-29 15:42:14.614093,1023.0,0.0,0.0,0.0,0.0,0.0
2018-05-29 15:42:14.669104,1023.0,0.0,0.0,0.0,0.0,0.0
2018-05-29 15:42:14.722114,1023.0,0.0,0.0,0.0,0.0,0.0
2018-05-29 15:42:14.777125,1023.0,0.0,0.0,0.0,0.0,0.0
2018-05-29 15:42:14.830136,1023.0,0.0,0.0,0.0,0.0,0.0
2018-05-29 15:42:14.883146,1023.0,0.0,0.0,0.0,0.0,0.0
2018-05-29 15:42:14.936157,1023.0,0.0,0.0,0.0,0.0,0.0
2018-05-29 15:42:14.989168,1023.0,0.0,0.0,0.0,0.0,0.0
2018-05-29 15:42:15.046179,1023.0,0.0,0.0,0.0,0.0,0.0
2018-05-29 15:42:15.100190,1023.0,0.0,0.0,0.0,0.0,0.0
2018-05-29 15:42:15.154201,1023.0,0.0,0.0,0.0,0.0,0.0
2018-05-29 15:42:15.208211,1023.0,0.0,0.0,0.0,0.0,0.0
2018-05-29 15:42:15.262222,1023.0,0.0,0.0,0.0,0.0,0.0
2018-05-29 15:42:15.316233,1023.0,0.0,0.0,0.0,0.0,0.0
2018-05-29 15:42:15.369244,1023.0,0.0,0.0,0.0,0.0,0.0
2018-05-29 15:42:15.423254,1023.0,0.0,0.0,0.0,0.0,0.0
2018-05-29 15:42:15.477265,1023.0,0.0,0.0,0.0,0.0,0.0
2018-05-29 15:42:15.534277,1023.0,0.0,0.0,0.0,0.0,0.0
2018-05-29 15:42:15.588287,1023.0,0.0,0.0,0.0,0.0,0.0
2018-05-29 15:42:15.642298,1023.0,0.0,0.0,0.0,0.0,0.0
2018-05-29 15:42:15.696309,1023.0,0.0,0.0,0.0,0.0,0.0
2018-05-29 15:42:15.749320,1023.0,0.0,0.0,0.0,0.0,0.0
2018-05-29 15:42:15.802330,1023.0,0.0,0.0,0.0,0.0,0.0
2018-05-29 15:42:15.855341,1023.0,0.0,0.0,0.0,0.0,0.0
2018-05-29 15:42:15.908351,1023.0,0.0,0.0,0.0,0.0,0.0
2018-05-29 15:42:15.960362,1023.0,0.0,0.0,0.0,0.0,0.0
2018-05-29 15:42:16.015373,1023.0,0.0,0.0,0.0,0.0,0.0
2018-05-29 15:42:16.075385,1023.0,0.0,0.0,0.0,0.0,0.0
2018-05-29 15:42:16.128395,1023.0,0.0,0.0,0.0,0.0,0.0
2018-05-29 15:42:16.181406,1023.0,0.0,0.0,0.0,0.0,0.0
2018-05-29 15:42:16.237417,1023.0,0.0,0.0,0.0,0.0,0.0
2018-05-29 15:42:16.289428,1023.0,0.0,0.0,0.0,0.0,0.0
2018-05-29 15:42:16.343438,1023.0,0.0,0.0,0.0,0.0,0.0
2018-05-29 15:42:16.396449,1023.0,0.0,0.0,0.0,0.0,0.0
2018-05-29 15:42:16.450460,1023.0,0.0,0.0,0.0,0.0,0.0
2018-05-29 15:42:16.526475,1023.0,0.0,0.0,0.0,0.0,0.0
2018-05-29 15:42:16.594489,1023.0,0.0,0.0,0.0,0.0,0.0
2018-05-29 15:42:16.649500,1023.0,0.0,0.0,0.0,0.0,0.0
2018-05-29 15:42:16.708511,1023.0,0.0,0.0,0.0,0.0,0.0
2018-05-29 15:42:16.786527,1023.0,0.0,0.0,0.0,0.0,0.0
2018-05-29 15:42:16.841538,1023.0,0.0,0.0,0.0,0.0,0.0
2018-05-29 15:42:16.897549,1023.0,0.0,0.0,0.0,0.0,0.0
2018-05-29 15:42:16.951560,1023.0,0.0,0.0,0.0,0.0,0.0
2018-05-29 15:42:17.008571,1023.0,0.0,0.0,0.0,0.0,0.0
2018-05-29 15:42:17.069584,1023.0,0.0,0.0,0.0,0.0,0.0
2018-05-29 15:42:17.124595,1023.0,0.0,0.0,0.0,0.0,0.0
2018-05-29 15:42:17.179606,1023.0,0.0,0.0,0.0,0.0,0.0
2018-05-29 15:42:17.236617,1023.0,0.0,0.0,0.0,0.0,0.0
2018-05-29 15:42:17.294629,1023.0,0.0,0.0,0.0,0.0,0.0
2018-05-29 15:42:17.359642,1023.0,0.0,0.0,0.0,0.0,0.0
2018-05-29 15:42:17.427655,1023.0,0.0,0.0,0.0,0.0,0.0
2018-05-29 15:42:17.489668,1023.0,0.0,0.0,0.0,0.0,0.0
2018-05-29 15:42:17.556681,1023.0,0.0,0.0,0.0,0.0,0.0
2018-05-29 15:42:17.624695,1023.0,0.0,0.0,0.0,0.0,0.0
2018-05-29 15:42:17.682706,1023.0,0.0,0.0,0.0,0.0,0.0
2018-05-29 15:42:17.743718,1023.0,0.0,0.0,0.0,0.0,0.0
2018-05-29 15:42:17.809732,1023.0,0.0,0.0,0.0,0.0,0.0
2018-05-29 15:42:17.868743,1023.0,0.0,0.0,0.0,0.0,0.0
2018-05-29 15:42:17.927755,1023.0,0.0,0.0,0.0,0.0,0.0
2018-05-29 15:42:17.992768,1023.0,0.0,0.0,0.0,0.0,0.0
2018-05-29 15:42:18.061782,1023.0,0.0,0.0,0.0,0.0,0.0
2018-05-29 15:42:18.122794,1023.0,0.0,0.0,0.0,0.0,0.0
2018-05-29 15:42:18.176805,1023.0,0.0,0.0,0.0,0.0,0.0
2018-05-29 15:42:18.233816,1023.0,0.0,0.0,0.0,0.0,0.0
2018-05-29 15:42:18.290828,1023.0,0.0,0.0,0.0,0.0,0.0
2018-05-29 15:42:18.346839,1023.0,0.0,0.0,0.0,0.0,0.0
2018-05-29 15:42:18.401850,1023.0,0.0,0.0,0.0,0.0,0.0
2018-05-29 15:42:18.456861,1023.0,0.0,0.0,0.0,0.0,0.0
2018-05-29 15:42:18.510872,1023.0,0.0,0.0,0.0,0.0,0.0
2018-05-29 15:42:29.776124,1023.0,0.0,0.0,0.0,0.0,0.0
2018-05-29 15:42:29.841137,1023.0,0.0,0.0,0.0,0.0,0.0
2018-05-29 15:42:29.898149,1023.0,0.0,0.0,0.0,0.0,0.0
2018-05-29 15:42:29.953160,1023.0,0.0,0.0,0.0,0.0,0.0
2018-05-29 15:42:30.010171,1023.0,0.0,0.0,0.0,0.0,0.0
2018-05-29 15:42:30.063182,1023.0,0.0,0.0,0.0,0.0,0.0
2018-05-29 15:42:30.117193,1023.0,0.0,0.0,0.0,0.0,0.0
2018-05-29 15:42:30.170203,1023.0,0.0,0.0,0.0,0.0,0.0
2018-05-29 15:42:30.227215,1023.0,0.0,0.0,0.0,0.0,0.0
2018-05-29 15:42:30.281225,1023.0,0.0,0.0,0.0,0.0,0.0
2018-05-29 15:42:30.335236,1023.0,0.0,0.0,0.0,0.0,0.0
2018-05-29 15:42:30.391247,1023.0,0.0,0.0,0.0,0.0,0.0
2018-05-29 15:42:30.444258,1023.0,0.0,0.0,0.0,0.0,0.0
2018-05-29 15:42:30.498269,1023.0,0.0,0.0,0.0,0.0,0.0
2018-05-29 15:42:30.552280,1023.0,0.0,0.0,0.0,0.0,0.0
2018-05-29 15:42:30.608291,1023.0,0.0,0.0,0.0,0.0,0.0
2018-05-29 15:42:30.661301,1023.0,0.0,0.0,0.0,0.0,0.0
2018-05-29 15:42:30.715312,1023.0,0.0,0.0,0.0,0.0,0.0
2018-05-29 15:42:30.772324,1023.0,0.0,0.0,0.0,0.0,0.0
2018-05-29 15:42:30.828335,1023.0,0.0,0.0,0.0,0.0,0.0
2018-05-29 15:42:30.891347,1023.0,0.0,0.0,0.0,0.0,0.0
2018-05-29 15:42:30.944358,1023.0,0.0,0.0,0.0,0.0,0.0
2018-05-29 15:42:31.000369,1023.0,0.0,0.0,0.0,0.0,0.0
2018-05-29 15:42:31.054380,1023.0,0.0,0.0,0.0,0.0,0.0
2018-05-29 15:42:31.109391,1023.0,0.0,0.0,0.0,0.0,0.0
2018-05-29 15:42:31.164402,1023.0,0.0,0.0,0.0,0.0,0.0
2018-05-29 15:42:31.218413,1023.0,0.0,0.0,0.0,0.0,0.0
2018-05-29 15:42:31.272424,1023.0,0.0,0.0,0.0,0.0,0.0
2018-05-29 15:42:31.327435,1023.0,0.0,0.0,0.0,0.0,0.0
2018-05-29 15:42:31.385446,1023.0,0.0,0.0,0.0,0.0,0.0
2018-05-29 15:42:31.441457,1023.0,0.0,0.0,0.0,0.0,0.0
2018-05-29 15:42:31.494468,1023.0,0.0,0.0,0.0,0.0,0.0
2018-05-29 15:42:31.549479,1023.0,0.0,0.0,0.0,0.0,0.0
2018-05-29 15:42:31.602490,1023.0,0.0,0.0,0.0,0.0,0.0
2018-05-29 15:42:31.658501,1023.0,0.0,0.0,0.0,0.0,0.0
2018-05-29 15:42:31.712512,1023.0,0.0,0.0,0.0,0.0,0.0
2018-05-29 15:42:31.767523,1023.0,0.0,0.0,0.0,0.0,0.0
2018-05-29 15:42:31.823534,1023.0,0.0,0.0,0.0,0.0,0.0
2018-05-29 15:42:31.882546,1023.0,0.0,0.0,0.0,0.0,0.0
2018-05-29 15:42:31.936556,1023.0,0.0,0.0,0.0,0.0,0.0
2018-05-29 15:42:31.992568,1023.0,0.0,0.0,0.0,0.0,0.0
2018-05-29 15:42:32.047579,1023.0,0.0,0.0,0.0,0.0,0.0
2018-05-29 15:42:32.101589,1023.0,0.0,0.0,0.0,0.0,0.0
2018-05-29 15:42:32.157601,1023.0,0.0,0.0,0.0,0.0,0.0
2018-05-29 15:42:32.213612,1023.0,0.0,0.0,0.0,0.0,0.0
2018-05-29 15:42:32.267623,1023.0,0.0,0.0,0.0,0.0,0.0
2018-05-29 15:42:32.321633,1023.0,0.0,0.0,0.0,0.0,0.0
2018-05-29 15:42:32.379645,1023.0,0.0,0.0,0.0,0.0,0.0
2018-05-29 15:42:36.992567,1023.0,0.0,0.0,0.0,0.0,0.0
2018-05-29 15:42:37.054580,1023.0,0.0,0.0,0.0,0.0,0.0
2018-05-29 15:42:37.111591,1023.0,0.0,0.0,0.0,0.0,0.0
2018-05-29 15:42:37.166602,1023.0,0.0,0.0,0.0,0.0,0.0
2018-05-29 15:42:37.221613,1023.0,0.0,0.0,0.0,0.0,0.0
2018-05-29 15:42:37.278625,1023.0,0.0,0.0,0.0,0.0,0.0
2018-05-29 15:42:37.335636,1023.0,0.0,0.0,0.0,0.0,0.0
2018-05-29 15:42:37.393648,1023.0,0.0,0.0,0.0,0.0,0.0
2018-05-29 15:42:37.448659,1023.0,0.0,0.0,0.0,0.0,0.0
2018-05-29 15:42:37.502669,1023.0,0.0,0.0,0.0,0.0,0.0
2018-05-29 15:42:37.557680,1023.0,0.0,0.0,0.0,0.0,0.0
2018-05-29 15:42:37.611691,1023.0,0.0,0.0,0.0,0.0,0.0
2018-05-29 15:42:37.664702,1023.0,0.0,0.0,0.0,0.0,0.0
2018-05-29 15:42:37.717712,1023.0,0.0,0.0,0.0,0.0,0.0
2018-05-29 15:42:37.772723,1023.0,0.0,0.0,0.0,0.0,0.0
2018-05-29 15:42:37.826734,1023.0,0.0,0.0,0.0,0.0,0.0
2018-05-29 15:42:37.884746,1023.0,0.0,0.0,0.0,0.0,0.0
2018-05-29 15:42:37.942757,1023.0,0.0,0.0,0.0,0.0,0.0
2018-05-29 15:42:37.999769,1023.0,0.0,0.0,0.0,0.0,0.0
2018-05-29 15:42:38.058781,1023.0,0.0,0.0,0.0,0.0,0.0
2018-05-29 15:42:38.114792,1023.0,0.0,0.0,0.0,0.0,0.0
2018-05-29 15:42:38.167802,1023.0,0.0,0.0,0.0,0.0,0.0
2018-05-29 15:42:38.223814,1023.0,0.0,0.0,0.0,0.0,0.0
2018-05-29 15:42:38.276824,1023.0,0.0,0.0,0.0,0.0,0.0
2018-05-29 15:42:38.331835,1023.0,0.0,0.0,0.0,0.0,0.0
2018-05-29 15:42:38.385846,1023.0,0.0,0.0,0.0,0.0,0.0
2018-05-29 15:42:38.441857,1023.0,0.0,0.0,0.0,0.0,0.0
2018-05-29 15:42:38.499869,1023.0,0.0,0.0,0.0,0.0,0.0
2018-05-29 15:42:38.558881,1023.0,0.0,0.0,0.0,0.0,0.0
2018-05-29 15:42:38.617892,1023.0,0.0,0.0,0.0,0.0,0.0
2018-05-29 15:42:38.670903,1023.0,0.0,0.0,0.0,0.0,0.0
2018-05-29 15:42:38.725914,1023.0,0.0,0.0,0.0,0.0,0.0
2018-05-29 15:42:38.779925,1023.0,0.0,0.0,0.0,0.0,0.0
2018-05-29 15:42:38.834936,1023.0,0.0,0.0,0.0,0.0,0.0
2018-05-29 15:42:38.889947,1023.0,0.0,0.0,0.0,0.0,0.0
2018-05-29 15:42:38.945958,1023.0,0.0,0.0,0.0,0.0,0.0
2018-05-29 15:42:39.001969,1023.0,0.0,0.0,0.0,0.0,0.0
2018-05-29 15:42:39.056980,1023.0,0.0,0.0,0.0,0.0,0.0
2018-05-29 15:42:39.118993,1023.0,0.0,0.0,0.0,0.0,0.0
2018-05-29 15:42:39.174004,1023.0,0.0,0.0,0.0,0.0,0.0
2018-05-29 15:42:39.229015,1023.0,0.0,0.0,0.0,0.0,0.0
2018-05-29 15:42:39.291027,1023.0,0.0,0.0,0.0,0.0,0.0
2018-05-29 15:42:39.352039,1023.0,0.0,0.0,0.0,0.0,0.0
2018-05-29 15:42:39.413051,1023.0,0.0,0.0,0.0,0.0,0.0
2018-05-29 15:42:39.470063,1023.0,0.0,0.0,0.0,0.0,0.0
2018-05-29 15:42:39.528074,1023.0,0.0,0.0,0.0,0.0,0.0
2018-05-29 15:42:39.584086,1023.0,0.0,0.0,0.0,0.0,0.0
2018-05-29 15:42:39.647098,1023.0,0.0,0.0,0.0,0.0,0.0
2018-05-29 15:42:39.703109,1023.0,0.0,0.0,0.0,0.0,0.0
2018-05-29 15:42:39.760121,1023.0,0.0,0.0,0.0,0.0,0.0
2018-05-29 15:42:39.818132,1023.0,0.0,0.0,0.0,0.0,0.0
2018-05-29 15:42:39.874144,1023.0,0.0,0.0,0.0,0.0,0.0
2018-05-29 15:42:39.931155,1023.0,0.0,0.0,0.0,0.0,0.0
2018-05-29 15:42:39.988166,1023.0,0.0,0.0,0.0,0.0,0.0
2018-05-29 15:42:40.045178,1023.0,0.0,0.0,0.0,0.0,0.0
2018-05-29 15:42:40.107190,1023.0,0.0,0.0,0.0,0.0,0.0
2018-05-29 15:42:40.166202,1023.0,0.0,0.0,0.0,0.0,0.0
2018-05-29 15:42:40.224214,1023.0,0.0,0.0,0.0,0.0,0.0
2018-05-29 15:42:40.279225,1023.0,0.0,0.0,0.0,0.0,0.0
2018-05-29 15:42:40.334236,1023.0,0.0,0.0,0.0,0.0,0.0
2018-05-29 15:42:40.391247,1023.0,0.0,0.0,0.0,0.0,0.0
2018-05-29 15:42:40.446258,1023.0,0.0,0.0,0.0,0.0,0.0
2018-05-29 15:42:40.502269,1023.0,0.0,0.0,0.0,0.0,0.0
2018-05-29 15:42:40.559281,1023.0,0.0,0.0,0.0,0.0,0.0
2018-05-29 15:42:40.615292,1023.0,0.0,0.0,0.0,0.0,0.0
2018-05-29 15:42:40.681305,1023.0,0.0,0.0,0.0,0.0,0.0
2018-05-29 15:42:40.733315,1023.0,0.0,0.0,0.0,0.0,0.0
2018-05-29 15:42:40.854340,1023.0,0.0,0.0,0.0,0.0,0.0
2018-05-29 15:42:40.915352,1023.0,0.0,0.0,0.0,0.0,0.0
2018-05-29 15:42:40.971363,1023.0,0.0,0.0,0.0,0.0,0.0
2018-05-29 15:42:41.028374,1023.0,0.0,0.0,0.0,0.0,0.0
2018-05-29 15:42:41.093387,1023.0,0.0,0.0,0.0,0.0,0.0
2018-05-29 15:42:41.154400,1023.0,0.0,0.0,0.0,0.0,0.0
2018-05-29 15:42:41.208410,1023.0,0.0,0.0,0.0,0.0,0.0
2018-05-29 15:42:41.268422,1023.0,0.0,0.0,0.0,0.0,0.0
2018-05-29 15:42:41.327434,1023.0,0.0,0.0,0.0,0.0,0.0
2018-05-29 15:42:41.383445,1023.0,0.0,0.0,0.0,0.0,0.0
2018-05-29 15:42:41.439457,1023.0,0.0,0.0,0.0,0.0,0.0
2018-05-29 15:42:41.494468,1023.0,0.0,0.0,0.0,0.0,0.0
2018-05-29 15:42:41.548478,1023.0,0.0,0.0,0.0,0.0,0.0
2018-05-29 15:42:41.602489,1023.0,0.0,0.0,0.0,0.0,0.0
2018-05-29 15:42:41.663501,1023.0,0.0,0.0,0.0,0.0,0.0
2018-05-29 15:42:41.768522,1023.0,0.0,0.0,0.0,0.0,0.0
2018-05-29 15:42:41.822533,1023.0,0.0,0.0,0.0,0.0,0.0
2018-05-29 15:42:41.876544,1023.0,0.0,0.0,0.0,0.0,0.0
2018-05-29 15:42:41.930555,1023.0,0.0,0.0,0.0,0.0,0.0
2018-05-29 15:42:41.983565,1023.0,0.0,0.0,0.0,0.0,0.0
2018-05-29 15:42:42.037576,1023.0,0.0,0.0,0.0,0.0,0.0
2018-05-29 15:42:42.090587,1023.0,0.0,0.0,0.0,0.0,0.0
2018-05-29 15:42:42.150599,1023.0,0.0,0.0,0.0,0.0,0.0
2018-05-29 15:42:42.204610,1023.0,0.0,0.0,0.0,0.0,0.0
2018-05-29 15:42:42.258620,1023.0,0.0,0.0,0.0,0.0,0.0
2018-05-29 15:42:42.311631,1023.0,0.0,0.0,0.0,0.0,0.0
2018-05-29 15:42:42.364642,1023.0,0.0,0.0,0.0,0.0,0.0
2018-05-29 15:42:42.416652,1023.0,0.0,0.0,0.0,0.0,0.0
2018-05-29 15:42:42.468662,1023.0,0.0,0.0,0.0,0.0,0.0
2018-05-29 15:42:42.520673,1023.0,0.0,0.0,0.0,0.0,0.0
2018-05-29 15:42:42.578684,1023.0,0.0,0.0,0.0,0.0,0.0
2018-05-29 15:42:42.639697,1023.0,0.0,0.0,0.0,0.0,0.0
2018-05-29 15:42:42.694708,1023.0,0.0,0.0,0.0,0.0,0.0
2018-05-29 15:42:42.747718,1023.0,0.0,0.0,0.0,0.0,0.0
2018-05-29 15:42:42.800729,1023.0,0.0,0.0,0.0,0.0,0.0
2018-05-29 15:42:42.854740,1023.0,0.0,0.0,0.0,0.0,0.0
2018-05-29 15:42:42.909751,1023.0,0.0,0.0,0.0,0.0,0.0
2018-05-29 15:42:42.963761,1023.0,0.0,0.0,0.0,0.0,0.0
2018-05-29 15:42:43.019773,1023.0,0.0,0.0,0.0,0.0,0.0
2018-05-29 15:42:43.074784,1023.0,0.0,0.0,0.0,0.0,0.0
2018-05-29 15:42:43.130795,1023.0,0.0,0.0,0.0,0.0,0.0
2018-05-29 15:42:43.194808,1023.0,0.0,0.0,0.0,0.0,0.0
2018-05-29 15:42:43.250819,1023.0,0.0,0.0,0.0,0.0,0.0
2018-05-29 15:42:43.305830,1023.0,0.0,0.0,0.0,0.0,0.0
2018-05-29 15:42:43.361841,1023.0,0.0,0.0,0.0,0.0,0.0
2018-05-29 15:42:43.417852,1023.0,0.0,0.0,0.0,0.0,0.0
2018-05-29 15:42:43.476864,1023.0,0.0,0.0,0.0,0.0,0.0
2018-05-29 15:42:43.534876,1023.0,0.0,0.0,0.0,0.0,0.0
2018-05-29 15:42:43.590887,1023.0,0.0,0.0,0.0,0.0,0.0
2018-05-29 15:42:43.662901,1023.0,0.0,0.0,0.0,0.0,0.0
2018-05-29 15:42:43.718912,1023.0,0.0,0.0,0.0,0.0,0.0
2018-05-29 15:42:43.774924,1023.0,0.0,0.0,0.0,0.0,0.0
2018-05-29 15:42:43.887946,1023.0,0.0,0.0,0.0,0.0,0.0
2018-05-29 15:42:44.094988,1023.0,0.0,0.0,0.0,0.0,0.0
2018-05-29 15:42:44.321033,1023.0,0.0,0.0,0.0,0.0,0.0
2018-05-29 15:42:44.525074,1023.0,0.0,0.0,0.0,0.0,0.0
2018-05-29 15:42:44.731115,1023.0,0.0,0.0,0.0,0.0,0.0
2018-05-29 15:42:44.935156,1023.0,0.0,0.0,0.0,0.0,0.0
2018-05-29 15:42:45.138196,1023.0,0.0,0.0,0.0,0.0,0.0
2018-05-29 15:42:45.357240,1023.0,0.0,0.0,0.0,0.0,0.0
2018-05-29 15:42:45.561281,1023.0,0.0,0.0,0.0,0.0,0.0
2018-05-29 15:42:45.766322,1023.0,0.0,0.0,0.0,0.0,0.0
2018-05-29 15:42:45.970363,1023.0,0.0,0.0,0.0,0.0,0.0
2018-05-29 15:42:46.178404,1023.0,0.0,0.0,0.0,0.0,0.0
2018-05-29 15:42:46.469462,1023.0,0.0,0.0,0.0,0.0,0.0
2018-05-29 15:42:46.606490,1023.0,0.0,0.0,0.0,0.0,0.0
2018-05-29 15:42:46.820533,1023.0,0.0,0.0,0.0,0.0,0.0
2018-05-29 15:42:47.029574,1023.0,0.0,0.0,0.0,0.0,0.0
2018-05-29 15:42:47.238616,1023.0,0.0,0.0,0.0,0.0,0.0
2018-05-29 15:42:47.448658,1023.0,0.0,0.0,0.0,0.0,0.0
2018-05-29 15:42:47.658700,1023.0,0.0,0.0,0.0,0.0,0.0
2018-05-29 15:42:47.884745,1023.0,0.0,0.0,0.0,0.0,0.0
2018-05-29 15:42:48.082785,1023.0,0.0,0.0,0.0,0.0,0.0
2018-05-29 15:42:48.287826,1023.0,0.0,0.0,0.0,0.0,0.0
2018-05-29 15:42:48.493867,1023.0,0.0,0.0,0.0,0.0,0.0
2018-05-29 15:42:48.699908,1023.0,0.0,0.0,0.0,0.0,0.0
2018-05-29 15:42:48.918952,1023.0,0.0,0.0,0.0,0.0,0.0
2018-05-29 15:42:49.122993,1023.0,0.0,0.0,0.0,0.0,0.0
2018-05-29 15:42:49.329034,1023.0,0.0,0.0,0.0,0.0,0.0
2018-05-29 15:42:49.533075,1023.0,0.0,0.0,0.0,0.0,0.0
2018-05-29 15:42:49.743117,1023.0,0.0,0.0,0.0,0.0,0.0
2018-05-29 15:42:49.954159,1023.0,0.0,0.0,0.0,0.0,0.0
2018-05-29 15:42:50.163201,1023.0,0.0,0.0,0.0,0.0,0.0
2018-05-29 15:42:50.374243,1023.0,0.0,0.0,0.0,0.0,0.0
2018-05-29 15:42:50.579284,1023.0,0.0,0.0,0.0,0.0,0.0
2018-05-29 15:42:50.784325,1023.0,0.0,0.0,0.0,0.0,0.0
2018-05-29 15:42:50.990366,1023.0,0.0,0.0,0.0,0.0,0.0
2018-05-29 15:42:51.197408,1023.0,0.0,0.0,0.0,0.0,0.0
2018-05-29 15:42:51.413451,1023.0,0.0,0.0,0.0,0.0,0.0
2018-05-29 15:42:51.617492,1023.0,0.0,0.0,0.0,0.0,0.0
2018-05-29 15:42:51.822533,1023.0,0.0,0.0,0.0,0.0,0.0
2018-05-29 15:42:52.024573,1023.0,0.0,0.0,0.0,0.0,0.0
2018-05-29 15:42:52.246618,1023.0,0.0,0.0,0.0,0.0,0.0
2018-05-29 15:42:52.457660,1023.0,0.0,0.0,0.0,0.0,0.0
2018-05-29 15:42:52.663701,1023.0,0.0,0.0,0.0,0.0,0.0
2018-05-29 15:42:52.867742,1023.0,0.0,0.0,0.0,0.0,0.0
2018-05-29 15:42:53.073783,1023.0,0.0,0.0,0.0,0.0,0.0
2018-05-29 15:42:53.281825,1023.0,0.0,0.0,0.0,0.0,0.0
2018-05-29 15:42:53.486866,1023.0,0.0,0.0,0.0,0.0,0.0
2018-05-29 15:42:53.692907,1023.0,0.0,0.0,0.0,0.0,0.0
2018-05-29 15:42:53.900948,1023.0,0.0,0.0,0.0,0.0,0.0
2018-05-29 15:42:54.105989,1023.0,0.0,0.0,0.0,0.0,0.0
2018-05-29 15:42:54.317032,1023.0,0.0,0.0,0.0,0.0,0.0
2018-05-29 15:42:54.523073,1023.0,0.0,0.0,0.0,0.0,0.0
2018-05-29 15:42:54.730114,1023.0,0.0,0.0,0.0,0.0,0.0
2018-05-29 15:42:54.943157,1023.0,0.0,0.0,0.0,0.0,0.0
2018-05-29 15:42:55.148198,1023.0,0.0,0.0,0.0,0.0,0.0
2018-05-29 15:42:55.354239,1023.0,0.0,0.0,0.0,0.0,0.0
2018-05-29 15:42:55.560280,1023.0,0.0,0.0,0.0,0.0,0.0
2018-05-29 15:42:55.765321,1023.0,0.0,0.0,0.0,0.0,0.0
2018-05-29 15:42:58.239816,1023.0,0.0,0.0,0.0,0.0,0.0
2018-05-29 15:42:58.299828,1023.0,0.0,0.0,0.0,0.0,0.0
2018-05-29 15:42:58.354839,1023.0,0.0,0.0,0.0,0.0,0.0
2018-05-29 15:42:58.410850,1023.0,0.0,0.0,0.0,0.0,0.0
2018-05-29 15:42:58.464861,1023.0,0.0,0.0,0.0,0.0,0.0
2018-05-29 15:42:58.518872,1023.0,0.0,0.0,0.0,0.0,0.0
2018-05-29 15:42:58.571882,1023.0,0.0,0.0,0.0,0.0,0.0
2018-05-29 15:42:58.626893,1023.0,0.0,0.0,0.0,0.0,0.0
2018-05-29 15:42:58.679904,1023.0,0.0,0.0,0.0,0.0,0.0
2018-05-29 15:42:58.738916,1023.0,0.0,0.0,0.0,0.0,0.0
2018-05-29 15:42:58.791926,1023.0,0.0,0.0,0.0,0.0,0.0
2018-05-29 15:42:58.844937,1023.0,0.0,0.0,0.0,0.0,0.0
2018-05-29 15:42:59.939156,1023.0,0.0,0.0,0.0,0.0,0.0
2018-05-29 15:42:59.998168,1023.0,0.0,0.0,0.0,0.0,0.0
2018-05-29 15:43:00.053179,1023.0,0.0,0.0,0.0,0.0,0.0
2018-05-29 15:43:01.139396,1023.0,0.0,0.0,0.0,0.0,0.0
2018-05-29 15:43:01.212410,1023.0,0.0,0.0,0.0,0.0,0.0
2018-05-29 15:43:01.269422,1023.0,0.0,0.0,0.0,0.0,0.0
2018-05-29 15:43:01.323433,1023.0,0.0,0.0,0.0,0.0,0.0
2018-05-29 15:43:01.379444,1023.0,0.0,0.0,0.0,0.0,0.0
2018-05-29 15:43:01.436455,1023.0,0.0,0.0,0.0,0.0,0.0
2018-05-29 15:43:02.239616,1023.0,0.0,0.0,0.0,0.0,0.0
2018-05-29 15:43:02.302628,1023.0,0.0,0.0,0.0,0.0,0.0
2018-05-29 15:43:02.357639,1023.0,0.0,0.0,0.0,0.0,0.0
2018-05-29 15:43:02.412650,1023.0,0.0,0.0,0.0,0.0,0.0
2018-05-29 15:43:02.467661,1023.0,0.0,0.0,0.0,0.0,0.0
2018-05-29 15:43:02.524673,1023.0,0.0,0.0,0.0,0.0,0.0
2018-05-29 15:43:02.584685,1023.0,0.0,0.0,0.0,0.0,0.0
2018-05-29 15:43:02.638696,1023.0,0.0,0.0,0.0,0.0,0.0
2018-05-29 15:43:02.693707,1023.0,0.0,0.0,0.0,0.0,0.0
2018-05-29 15:43:02.747717,1023.0,0.0,0.0,0.0,0.0,0.0
2018-05-29 15:43:02.802728,1023.0,0.0,0.0,0.0,0.0,0.0
2018-05-29 15:43:16.047377,1023.0,0.0,0.0,0.0,0.0,0.0
2018-05-29 15:43:16.105388,1023.0,0.0,0.0,0.0,0.0,0.0
2018-05-29 15:43:16.947557,1023.0,0.0,0.0,0.0,0.0,0.0
2018-05-29 15:43:17.007569,1023.0,0.0,0.0,0.0,0.0,0.0
2018-05-29 15:43:17.064580,1023.0,0.0,0.0,0.0,0.0,0.0
2018-05-29 15:43:17.126593,1023.0,0.0,0.0,0.0,0.0,0.0
2018-05-29 15:43:17.181604,1023.0,0.0,0.0,0.0,0.0,0.0
2018-05-29 15:43:17.234614,1023.0,0.0,0.0,0.0,0.0,0.0
2018-05-29 15:43:17.288625,1023.0,0.0,0.0,0.0,0.0,0.0
2018-05-29 15:43:17.342636,1023.0,0.0,0.0,0.0,0.0,0.0
2018-05-29 15:43:17.397647,1023.0,0.0,0.0,0.0,0.0,0.0
2018-05-29 15:43:17.451658,1023.0,0.0,0.0,0.0,0.0,0.0
2018-05-29 15:43:17.505668,1023.0,0.0,0.0,0.0,0.0,0.0
2018-05-29 15:43:17.559679,1023.0,0.0,0.0,0.0,0.0,0.0
2018-05-29 15:43:17.618691,1023.0,0.0,0.0,0.0,0.0,0.0
2018-05-29 15:43:17.676703,1023.0,0.0,0.0,0.0,0.0,0.0
2018-05-29 15:43:17.731714,1023.0,0.0,0.0,0.0,0.0,0.0
2018-05-29 15:43:17.784724,1023.0,0.0,0.0,0.0,0.0,0.0
2018-05-29 15:43:17.838735,1023.0,0.0,0.0,0.0,0.0,0.0
2018-05-29 15:43:17.893746,1023.0,0.0,0.0,0.0,0.0,0.0
2018-05-29 15:43:17.948757,1023.0,0.0,0.0,0.0,0.0,0.0
2018-05-29 15:43:18.002768,1023.0,0.0,0.0,0.0,0.0,0.0
2018-05-29 15:43:18.056779,1023.0,0.0,0.0,0.0,0.0,0.0
2018-05-29 15:43:18.110789,1023.0,0.0,0.0,0.0,0.0,0.0
2018-05-29 15:43:18.171802,1023.0,0.0,0.0,0.0,0.0,0.0
2018-05-29 15:43:18.227813,1023.0,0.0,0.0,0.0,0.0,0.0
2018-05-29 15:43:18.283824,1023.0,0.0,0.0,0.0,0.0,0.0
2018-05-29 15:43:18.339835,1023.0,0.0,0.0,0.0,0.0,0.0
2018-05-29 15:43:18.394846,1023.0,0.0,0.0,0.0,0.0,0.0
2018-05-29 15:43:18.447857,1023.0,0.0,0.0,0.0,0.0,0.0
2018-05-29 15:43:18.501868,1023.0,0.0,0.0,0.0,0.0,0.0
2018-05-29 15:43:18.554878,1023.0,0.0,0.0,0.0,0.0,0.0
2018-05-29 15:43:18.609889,1023.0,0.0,0.0,0.0,0.0,0.0
2018-05-29 15:43:18.669901,1023.0,0.0,0.0,0.0,0.0,0.0
2018-05-29 15:43:18.726913,1023.0,0.0,0.0,0.0,0.0,0.0
2018-05-29 15:43:18.780923,1023.0,0.0,0.0,0.0,0.0,0.0
2018-05-29 15:43:18.834934,1023.0,0.0,0.0,0.0,0.0,0.0
2018-05-29 15:43:18.887945,1023.0,0.0,0.0,0.0,0.0,0.0
2018-05-29 15:43:18.941956,1023.0,0.0,0.0,0.0,0.0,0.0
2018-05-29 15:43:18.995966,1023.0,0.0,0.0,0.0,0.0,0.0
2018-05-29 15:43:19.057979,1023.0,0.0,0.0,0.0,0.0,0.0
2018-05-29 15:43:19.110989,1023.0,0.0,0.0,0.0,0.0,0.0
2018-05-29 15:43:19.171001,1023.0,0.0,0.0,0.0,0.0,0.0
2018-05-29 15:43:19.226012,1023.0,0.0,0.0,0.0,0.0,0.0
2018-05-29 15:43:19.282024,1023.0,0.0,0.0,0.0,0.0,0.0
2018-05-29 15:43:19.335034,1023.0,0.0,0.0,0.0,0.0,0.0
2018-05-29 15:43:19.389045,1023.0,0.0,0.0,0.0,0.0,0.0
2018-05-29 15:43:19.441055,1023.0,0.0,0.0,0.0,0.0,0.0
2018-05-29 15:43:19.497067,1023.0,0.0,0.0,0.0,0.0,0.0
2018-05-29 15:43:19.549077,1023.0,0.0,0.0,0.0,0.0,0.0
2018-05-29 15:43:19.605088,1023.0,0.0,0.0,0.0,0.0,0.0
2018-05-29 15:43:19.662100,1023.0,0.0,0.0,0.0,0.0,0.0
2018-05-29 15:43:19.722112,1023.0,0.0,0.0,0.0,0.0,0.0
2018-05-29 15:43:19.778123,1023.0,0.0,0.0,0.0,0.0,0.0
2018-05-29 15:43:19.835134,1023.0,0.0,0.0,0.0,0.0,0.0
2018-05-29 15:43:19.889145,1023.0,0.0,0.0,0.0,0.0,0.0
2018-05-29 15:43:19.946156,1023.0,0.0,0.0,0.0,0.0,0.0
2018-05-29 15:43:20.000167,1023.0,0.0,0.0,0.0,0.0,0.0
2018-05-29 15:43:20.059179,1023.0,0.0,0.0,0.0,0.0,0.0
2018-05-29 15:43:20.112190,1023.0,0.0,0.0,0.0,0.0,0.0
2018-05-29 15:43:20.167201,1023.0,0.0,0.0,0.0,0.0,0.0
2018-05-29 15:43:20.229213,1023.0,0.0,0.0,0.0,0.0,0.0
2018-05-29 15:43:20.282224,1023.0,0.0,0.0,0.0,0.0,0.0
2018-05-29 15:43:20.337235,1023.0,0.0,0.0,0.0,0.0,0.0
2018-05-29 15:43:20.390245,1023.0,0.0,0.0,0.0,0.0,0.0
2018-05-29 15:43:20.443256,1023.0,0.0,0.0,0.0,0.0,0.0
2018-05-29 15:43:20.497267,1023.0,0.0,0.0,0.0,0.0,0.0
2018-05-29 15:43:20.555278,1023.0,0.0,0.0,0.0,0.0,0.0
2018-05-29 15:43:21.550477,1023.0,0.0,0.0,0.0,0.0,0.0
2018-05-29 15:43:21.607489,1023.0,0.0,0.0,0.0,0.0,0.0
2018-05-29 15:43:21.663500,1023.0,0.0,0.0,0.0,0.0,0.0
2018-05-29 15:43:21.719511,1023.0,0.0,0.0,0.0,0.0,0.0
2018-05-29 15:43:21.773522,1023.0,0.0,0.0,0.0,0.0,0.0
2018-05-29 15:43:21.830533,1023.0,0.0,0.0,0.0,0.0,0.0
2018-05-29 15:43:21.888545,1023.0,0.0,0.0,0.0,0.0,0.0
2018-05-29 15:43:21.944556,1023.0,0.0,0.0,0.0,0.0,0.0
2018-05-29 15:43:22.002568,1023.0,0.0,0.0,0.0,0.0,0.0
2018-05-29 15:43:22.060579,1023.0,0.0,0.0,0.0,0.0,0.0
2018-05-29 15:43:22.120591,1023.0,0.0,0.0,0.0,0.0,0.0
2018-05-29 15:43:22.180603,1023.0,0.0,0.0,0.0,0.0,0.0
2018-05-29 15:43:22.241615,1023.0,0.0,0.0,0.0,0.0,0.0
2018-05-29 15:43:22.298627,1023.0,0.0,0.0,0.0,0.0,0.0
2018-05-29 15:43:22.356638,1023.0,0.0,0.0,0.0,0.0,0.0
2018-05-29 15:43:22.412650,1023.0,0.0,0.0,0.0,0.0,0.0
2018-05-29 15:43:22.468661,1023.0,0.0,0.0,0.0,0.0,0.0
2018-05-29 15:43:22.526672,1023.0,0.0,0.0,0.0,0.0,0.0
2018-05-29 15:43:22.586684,1023.0,0.0,0.0,0.0,0.0,0.0
2018-05-29 15:43:22.652698,1023.0,0.0,0.0,0.0,0.0,0.0
2018-05-29 15:43:22.708709,1023.0,0.0,0.0,0.0,0.0,0.0
2018-05-29 15:43:22.766720,1023.0,0.0,0.0,0.0,0.0,0.0
2018-05-29 15:43:22.822732,1023.0,0.0,0.0,0.0,0.0,0.0
2018-05-29 15:43:22.881743,1023.0,0.0,0.0,0.0,0.0,0.0
2018-05-29 15:43:22.939755,1023.0,0.0,0.0,0.0,0.0,0.0
2018-05-29 15:43:22.997767,1023.0,0.0,0.0,0.0,0.0,0.0
2018-05-29 15:43:23.056778,1023.0,0.0,0.0,0.0,0.0,0.0
2018-05-29 15:43:23.114790,1023.0,0.0,0.0,0.0,0.0,0.0
2018-05-29 15:43:23.185804,1023.0,0.0,0.0,0.0,0.0,0.0
2018-05-29 15:44:50.967357,1023.0,0.0,0.0,0.0,0.0,0.0
2018-05-29 15:44:51.029369,1023.0,0.0,0.0,0.0,0.0,0.0
2018-05-29 15:44:51.668497,1023.0,0.0,0.0,0.0,0.0,0.0
2018-05-29 15:44:51.729509,1023.0,0.0,0.0,0.0,0.0,0.0
2018-05-29 15:44:51.785521,1023.0,0.0,0.0,0.0,0.0,0.0
2018-05-29 15:44:51.841532,1023.0,0.0,0.0,0.0,0.0,0.0
2018-05-29 15:44:51.896543,1023.0,0.0,0.0,0.0,0.0,0.0
2018-05-29 15:44:51.950554,1023.0,0.0,0.0,0.0,0.0,0.0
2018-05-29 15:44:52.009565,1023.0,0.0,0.0,0.0,0.0,0.0
2018-05-29 15:44:52.072578,1023.0,0.0,0.0,0.0,0.0,0.0
2018-05-29 15:44:52.127589,1023.0,0.0,0.0,0.0,0.0,0.0
2018-05-29 15:44:52.182600,1023.0,0.0,0.0,0.0,0.0,0.0
2018-05-29 15:44:52.237611,1023.0,0.0,0.0,0.0,0.0,0.0
2018-05-29 15:44:52.290622,1023.0,0.0,0.0,0.0,0.0,0.0
2018-05-29 15:44:52.351634,1023.0,0.0,0.0,0.0,0.0,0.0
2018-05-29 15:44:52.409645,1023.0,0.0,0.0,0.0,0.0,0.0
2018-05-29 15:44:52.465657,1023.0,0.0,0.0,0.0,0.0,0.0
2018-05-29 15:44:52.519667,1023.0,0.0,0.0,0.0,0.0,0.0
2018-05-29 15:44:52.581680,1023.0,0.0,0.0,0.0,0.0,0.0
2018-05-29 15:44:52.635691,1023.0,0.0,0.0,0.0,0.0,0.0
2018-05-29 15:44:52.692702,1023.0,0.0,0.0,0.0,0.0,0.0
2018-05-29 15:44:52.751714,1023.0,0.0,0.0,0.0,0.0,0.0
2018-05-29 15:44:52.808725,1023.0,0.0,0.0,0.0,0.0,0.0
2018-05-29 15:44:52.863736,1023.0,0.0,0.0,0.0,0.0,0.0
2018-05-29 15:44:52.922748,1023.0,0.0,0.0,0.0,0.0,0.0
2018-05-29 15:44:52.980760,1023.0,0.0,0.0,0.0,0.0,0.0
2018-05-29 15:44:53.038771,1023.0,0.0,0.0,0.0,0.0,0.0
2018-05-29 15:44:53.101784,1023.0,0.0,0.0,0.0,0.0,0.0
2018-05-29 15:44:53.158795,1023.0,0.0,0.0,0.0,0.0,0.0
2018-05-29 15:44:53.219807,1023.0,0.0,0.0,0.0,0.0,0.0
2018-05-29 15:44:53.278819,1023.0,0.0,0.0,0.0,0.0,0.0
2018-05-29 15:44:53.340832,1023.0,0.0,0.0,0.0,0.0,0.0
2018-05-29 15:44:53.399843,1023.0,0.0,0.0,0.0,0.0,0.0
2018-05-29 15:44:53.456855,1023.0,0.0,0.0,0.0,0.0,0.0
2018-05-29 15:44:53.515867,1023.0,0.0,0.0,0.0,0.0,0.0
2018-05-29 15:44:53.572878,1023.0,0.0,0.0,0.0,0.0,0.0
2018-05-29 15:44:53.641892,1023.0,0.0,0.0,0.0,0.0,0.0
2018-05-29 15:44:53.696903,1023.0,0.0,0.0,0.0,0.0,0.0
2018-05-29 15:44:53.753914,1023.0,0.0,0.0,0.0,0.0,0.0
2018-05-29 15:44:53.807925,1023.0,0.0,0.0,0.0,0.0,0.0
2018-05-29 15:44:53.869937,1023.0,0.0,0.0,0.0,0.0,0.0
2018-05-29 15:44:53.963956,1023.0,0.0,0.0,0.0,0.0,0.0
2018-05-29 15:44:54.019967,1023.0,0.0,0.0,0.0,0.0,0.0
2018-05-29 15:44:54.076979,1023.0,0.0,0.0,0.0,0.0,0.0
2018-05-29 15:44:54.135991,1023.0,0.0,0.0,0.0,0.0,0.0
2018-05-29 15:44:54.192002,1023.0,0.0,0.0,0.0,0.0,0.0
2018-05-29 15:44:54.249013,1023.0,0.0,0.0,0.0,0.0,0.0
2018-05-29 15:44:54.305024,1023.0,0.0,0.0,0.0,0.0,0.0
2018-05-29 15:44:54.360035,1023.0,0.0,0.0,0.0,0.0,0.0
2018-05-29 15:44:54.414046,1023.0,0.0,0.0,0.0,0.0,0.0
2018-05-29 15:44:54.470057,1023.0,0.0,0.0,0.0,0.0,0.0
2018-05-29 15:44:54.525068,1023.0,0.0,0.0,0.0,0.0,0.0
2018-05-29 15:44:54.581080,1023.0,0.0,0.0,0.0,0.0,0.0
2018-05-29 15:44:54.644092,1023.0,0.0,0.0,0.0,0.0,0.0
2018-05-29 15:44:54.701104,1023.0,0.0,0.0,0.0,0.0,0.0
2018-05-29 15:44:54.755114,1023.0,0.0,0.0,0.0,0.0,0.0
2018-05-29 15:44:54.810125,1023.0,0.0,0.0,0.0,0.0,0.0
2018-05-29 15:44:54.867137,1023.0,0.0,0.0,0.0,0.0,0.0
2018-05-29 15:44:54.922148,1023.0,0.0,0.0,0.0,0.0,0.0
2018-05-29 15:44:54.977159,1023.0,0.0,0.0,0.0,0.0,0.0
2018-05-29 15:44:55.034170,1023.0,0.0,0.0,0.0,0.0,0.0
2018-05-29 15:44:55.089181,1023.0,0.0,0.0,0.0,0.0,0.0
2018-05-29 15:44:55.148193,1023.0,0.0,0.0,0.0,0.0,0.0
2018-05-29 15:44:55.201204,1023.0,0.0,0.0,0.0,0.0,0.0
2018-05-29 15:44:55.257215,1023.0,0.0,0.0,0.0,0.0,0.0
2018-05-29 15:44:55.309225,1023.0,0.0,0.0,0.0,0.0,0.0
2018-05-29 15:44:55.363236,1023.0,0.0,0.0,0.0,0.0,0.0
2018-05-29 15:44:55.418247,1023.0,0.0,0.0,0.0,0.0,0.0
2018-05-29 15:44:55.472258,1023.0,0.0,0.0,0.0,0.0,0.0
2018-05-29 15:44:55.527269,1023.0,0.0,0.0,0.0,0.0,0.0
2018-05-29 15:44:55.611286,1023.0,0.0,0.0,0.0,0.0,0.0
2018-05-29 15:44:55.671298,1023.0,0.0,0.0,0.0,0.0,0.0
2018-05-29 15:44:55.727309,1023.0,0.0,0.0,0.0,0.0,0.0
2018-05-29 15:44:55.783320,1023.0,0.0,0.0,0.0,0.0,0.0
2018-05-29 15:44:55.841332,1023.0,0.0,0.0,0.0,0.0,0.0
2018-05-29 15:44:55.894342,1023.0,0.0,0.0,0.0,0.0,0.0
2018-05-29 15:44:55.949353,1023.0,0.0,0.0,0.0,0.0,0.0
2018-05-29 15:44:56.001364,1023.0,0.0,0.0,0.0,0.0,0.0
2018-05-29 15:44:56.058375,1023.0,0.0,0.0,0.0,0.0,0.0
2018-05-29 15:44:56.116387,1023.0,0.0,0.0,0.0,0.0,0.0
2018-05-29 15:44:56.176399,1023.0,0.0,0.0,0.0,0.0,0.0
2018-05-29 15:44:56.233410,1023.0,0.0,0.0,0.0,0.0,0.0
2018-05-29 15:44:56.288421,1023.0,0.0,0.0,0.0,0.0,0.0
2018-05-29 15:44:56.345432,1023.0,0.0,0.0,0.0,0.0,0.0
2018-05-29 15:44:56.402444,1023.0,0.0,0.0,0.0,0.0,0.0
2018-05-29 15:44:56.459455,1023.0,0.0,0.0,0.0,0.0,0.0
2018-05-29 15:44:56.515466,1023.0,0.0,0.0,0.0,0.0,0.0
2018-05-29 15:44:56.575478,1023.0,0.0,0.0,0.0,0.0,0.0
2018-05-29 15:44:56.640491,1023.0,0.0,0.0,0.0,0.0,0.0
2018-05-29 15:44:56.698503,1023.0,0.0,0.0,0.0,0.0,0.0
2018-05-29 15:44:56.755514,1023.0,0.0,0.0,0.0,0.0,0.0
2018-05-29 15:44:56.811526,1023.0,0.0,0.0,0.0,0.0,0.0
2018-05-29 15:44:56.867537,1023.0,0.0,0.0,0.0,0.0,0.0
2018-05-29 15:44:56.923548,1023.0,0.0,0.0,0.0,0.0,0.0
2018-05-29 15:44:56.978559,1023.0,0.0,0.0,0.0,0.0,0.0
2018-05-29 15:44:57.035570,1023.0,0.0,0.0,0.0,0.0,0.0
2018-05-29 15:44:57.090581,1023.0,0.0,0.0,0.0,0.0,0.0
2018-05-29 15:44:57.152594,1023.0,0.0,0.0,0.0,0.0,0.0
2018-05-29 15:44:57.209605,1023.0,0.0,0.0,0.0,0.0,0.0
2018-05-29 15:44:57.265616,1023.0,0.0,0.0,0.0,0.0,0.0
2018-05-29 15:44:57.322628,1023.0,0.0,0.0,0.0,0.0,0.0
2018-05-29 15:44:57.377639,1023.0,0.0,0.0,0.0,0.0,0.0
2018-05-29 15:44:57.433650,1023.0,0.0,0.0,0.0,0.0,0.0
2018-05-29 15:44:57.489661,1023.0,0.0,0.0,0.0,0.0,0.0
2018-05-29 15:44:57.545672,1023.0,0.0,0.0,0.0,0.0,0.0
2018-05-29 15:44:57.600683,1023.0,0.0,0.0,0.0,0.0,0.0
2018-05-29 15:44:57.661696,1023.0,0.0,0.0,0.0,0.0,0.0
2018-05-29 15:44:57.717707,1023.0,0.0,0.0,0.0,0.0,0.0
2018-05-29 15:44:57.772718,1023.0,0.0,0.0,0.0,0.0,0.0
2018-05-29 15:44:57.827729,1023.0,0.0,0.0,0.0,0.0,0.0
2018-05-29 15:44:57.882740,1023.0,0.0,0.0,0.0,0.0,0.0
2018-05-29 15:44:57.938751,1023.0,0.0,0.0,0.0,0.0,0.0
2018-05-29 15:44:57.994762,1023.0,0.0,0.0,0.0,0.0,0.0
2018-05-29 15:44:58.052774,1023.0,0.0,0.0,0.0,0.0,0.0
2018-05-29 15:44:58.109785,1023.0,0.0,0.0,0.0,0.0,0.0
2018-05-29 15:44:58.172798,1023.0,0.0,0.0,0.0,0.0,0.0
2018-05-29 15:44:58.230809,1023.0,0.0,0.0,0.0,0.0,0.0
2018-05-29 15:44:58.287821,1023.0,0.0,0.0,0.0,0.0,0.0
2018-05-29 15:44:58.345832,1023.0,0.0,0.0,0.0,0.0,0.0
2018-05-29 15:44:58.402844,1023.0,0.0,0.0,0.0,0.0,0.0
2018-05-29 15:44:58.459855,1023.0,0.0,0.0,0.0,0.0,0.0
2018-05-29 15:44:58.514866,1023.0,0.0,0.0,0.0,0.0,0.0
2018-05-29 15:44:58.570877,1023.0,0.0,0.0,0.0,0.0,0.0
2018-05-29 15:44:58.626889,1023.0,0.0,0.0,0.0,0.0,0.0
2018-05-29 15:44:58.686901,1023.0,0.0,0.0,0.0,0.0,0.0
2018-05-29 15:44:58.743912,1023.0,0.0,0.0,0.0,0.0,0.0
2018-05-29 15:44:58.799923,1023.0,0.0,0.0,0.0,0.0,0.0
2018-05-29 15:44:58.856935,1023.0,0.0,0.0,0.0,0.0,0.0
2018-05-29 15:44:58.911946,1023.0,0.0,0.0,0.0,0.0,0.0
2018-05-29 15:44:58.967957,1023.0,0.0,0.0,0.0,0.0,0.0
2018-05-29 15:44:59.023968,1023.0,0.0,0.0,0.0,0.0,0.0
2018-05-29 15:44:59.081980,1023.0,0.0,0.0,0.0,0.0,0.0
2018-05-29 15:44:59.139991,1023.0,0.0,0.0,0.0,0.0,0.0
2018-05-29 15:44:59.203004,1023.0,0.0,0.0,0.0,0.0,0.0
2018-05-29 15:44:59.259015,1023.0,0.0,0.0,0.0,0.0,0.0
2018-05-29 15:44:59.315026,1023.0,0.0,0.0,0.0,0.0,0.0
2018-05-29 15:44:59.370037,1023.0,0.0,0.0,0.0,0.0,0.0
2018-05-29 15:44:59.425048,1023.0,0.0,0.0,0.0,0.0,0.0
2018-05-29 15:44:59.481059,1023.0,0.0,0.0,0.0,0.0,0.0
2018-05-29 15:44:59.537071,1023.0,0.0,0.0,0.0,0.0,0.0
2018-05-29 15:44:59.591081,1023.0,0.0,0.0,0.0,0.0,0.0
2018-05-29 15:44:59.654094,1023.0,0.0,0.0,0.0,0.0,0.0
2018-05-29 15:44:59.715106,1023.0,0.0,0.0,0.0,0.0,0.0
2018-05-29 15:44:59.770117,1023.0,0.0,0.0,0.0,0.0,0.0
2018-05-29 15:44:59.825128,1023.0,0.0,0.0,0.0,0.0,0.0
2018-05-29 15:44:59.880139,1023.0,0.0,0.0,0.0,0.0,0.0
2018-05-29 15:44:59.934150,1023.0,0.0,0.0,0.0,0.0,0.0
2018-05-29 15:44:59.989161,1023.0,0.0,0.0,0.0,0.0,0.0
2018-05-29 15:45:00.044172,1023.0,0.0,0.0,0.0,0.0,0.0
2018-05-29 15:45:00.099183,1023.0,0.0,0.0,0.0,0.0,0.0
2018-05-29 15:45:00.153194,1023.0,0.0,0.0,0.0,0.0,0.0
2018-05-29 15:45:00.214206,1023.0,0.0,0.0,0.0,0.0,0.0
2018-05-29 15:45:00.269217,1023.0,0.0,0.0,0.0,0.0,0.0
2018-05-29 15:45:00.325228,1023.0,0.0,0.0,0.0,0.0,0.0
2018-05-29 15:45:00.379239,1023.0,0.0,0.0,0.0,0.0,0.0
2018-05-29 15:45:00.433250,1023.0,0.0,0.0,0.0,0.0,0.0
2018-05-29 15:45:00.490261,1023.0,0.0,0.0,0.0,0.0,0.0
2018-05-29 15:45:00.544272,1023.0,0.0,0.0,0.0,0.0,0.0
2018-05-29 15:45:00.598283,1023.0,0.0,0.0,0.0,0.0,0.0
2018-05-29 15:45:00.651293,1023.0,0.0,0.0,0.0,0.0,0.0
2018-05-29 15:45:00.713306,1023.0,0.0,0.0,0.0,0.0,0.0
2018-05-29 15:45:00.767317,1023.0,0.0,0.0,0.0,0.0,0.0
2018-05-29 15:45:00.821327,1023.0,0.0,0.0,0.0,0.0,0.0
2018-05-29 15:45:00.876338,1023.0,0.0,0.0,0.0,0.0,0.0
2018-05-29 15:45:00.931349,1023.0,0.0,0.0,0.0,0.0,0.0
2018-05-29 15:45:00.985360,1023.0,0.0,0.0,0.0,0.0,0.0
2018-05-29 15:45:01.041371,1023.0,0.0,0.0,0.0,0.0,0.0
2018-05-29 15:45:01.095382,1023.0,0.0,0.0,0.0,0.0,0.0
2018-05-29 15:45:01.150393,1023.0,0.0,0.0,0.0,0.0,0.0
2018-05-29 15:45:01.208405,1023.0,0.0,0.0,0.0,0.0,0.0
2018-05-29 15:45:01.264416,1023.0,0.0,0.0,0.0,0.0,0.0
2018-05-29 15:45:01.318427,1023.0,0.0,0.0,0.0,0.0,0.0
2018-05-29 15:45:01.372438,1023.0,0.0,0.0,0.0,0.0,0.0
2018-05-29 15:45:01.426448,1023.0,0.0,0.0,0.0,0.0,0.0
2018-05-29 15:45:01.480459,1023.0,0.0,0.0,0.0,0.0,0.0
2018-05-29 15:45:01.535470,1023.0,0.0,0.0,0.0,0.0,0.0
2018-05-29 15:45:01.589481,1023.0,0.0,0.0,0.0,0.0,0.0
2018-05-29 15:45:01.645492,1023.0,0.0,0.0,0.0,0.0,0.0
2018-05-29 15:45:01.701503,1023.0,0.0,0.0,0.0,0.0,0.0
2018-05-29 15:45:01.760515,1023.0,0.0,0.0,0.0,0.0,0.0
2018-05-29 15:45:01.815526,1023.0,0.0,0.0,0.0,0.0,0.0
2018-05-29 15:45:01.869537,1023.0,0.0,0.0,0.0,0.0,0.0
2018-05-29 15:45:01.923548,1023.0,0.0,0.0,0.0,0.0,0.0
2018-05-29 15:45:01.977559,1023.0,0.0,0.0,0.0,0.0,0.0
2018-05-29 15:45:02.033570,1023.0,0.0,0.0,0.0,0.0,0.0
2018-05-29 15:45:02.086580,1023.0,0.0,0.0,0.0,0.0,0.0
2018-05-29 15:45:02.141591,1023.0,0.0,0.0,0.0,0.0,0.0
2018-05-29 15:45:02.196602,1023.0,0.0,0.0,0.0,0.0,0.0
2018-05-29 15:45:02.257615,1023.0,0.0,0.0,0.0,0.0,0.0
2018-05-29 15:45:02.311625,1023.0,0.0,0.0,0.0,0.0,0.0
2018-05-29 15:45:02.366636,1023.0,0.0,0.0,0.0,0.0,0.0
2018-05-29 15:45:02.419647,1023.0,0.0,0.0,0.0,0.0,0.0
2018-05-29 15:45:02.473658,1023.0,0.0,0.0,0.0,0.0,0.0
2018-05-29 15:45:02.528669,1023.0,0.0,0.0,0.0,0.0,0.0
2018-05-29 15:45:02.583680,1023.0,0.0,0.0,0.0,0.0,0.0
2018-05-29 15:45:02.636690,1023.0,0.0,0.0,0.0,0.0,0.0
2018-05-29 15:45:02.695702,1023.0,0.0,0.0,0.0,0.0,0.0
2018-05-29 15:45:02.753714,1023.0,0.0,0.0,0.0,0.0,0.0
2018-05-29 15:45:02.808725,1023.0,0.0,0.0,0.0,0.0,0.0
2018-05-29 15:45:02.862736,1023.0,0.0,0.0,0.0,0.0,0.0
2018-05-29 15:45:02.915746,1023.0,0.0,0.0,0.0,0.0,0.0
2018-05-29 15:45:02.970757,1023.0,0.0,0.0,0.0,0.0,0.0
2018-05-29 15:45:03.036770,1023.0,0.0,0.0,0.0,0.0,0.0
2018-05-29 15:45:03.090781,1023.0,0.0,0.0,0.0,0.0,0.0
2018-05-29 15:45:03.145792,1023.0,0.0,0.0,0.0,0.0,0.0
2018-05-29 15:45:03.199803,1023.0,0.0,0.0,0.0,0.0,0.0
2018-05-29 15:45:03.261815,1023.0,0.0,0.0,0.0,0.0,0.0
2018-05-29 15:45:03.315826,1023.0,0.0,0.0,0.0,0.0,0.0
2018-05-29 15:45:03.371837,1023.0,0.0,0.0,0.0,0.0,0.0
2018-05-29 15:45:03.424848,1023.0,0.0,0.0,0.0,0.0,0.0
2018-05-29 15:45:03.478859,1023.0,0.0,0.0,0.0,0.0,0.0
2018-05-29 15:45:03.532870,1023.0,0.0,0.0,0.0,0.0,0.0
2018-05-29 15:45:03.586880,1023.0,0.0,0.0,0.0,0.0,0.0
2018-05-29 15:45:03.641891,1023.0,0.0,0.0,0.0,0.0,0.0
2018-05-29 15:45:03.696902,1023.0,0.0,0.0,0.0,0.0,0.0
2018-05-29 15:45:03.754914,1023.0,0.0,0.0,0.0,0.0,0.0
2018-05-29 15:45:03.811925,1023.0,0.0,0.0,0.0,0.0,0.0
2018-05-29 15:45:03.867937,1023.0,0.0,0.0,0.0,0.0,0.0
2018-05-29 15:45:03.923948,1023.0,0.0,0.0,0.0,0.0,0.0
2018-05-29 15:45:03.979959,1023.0,0.0,0.0,0.0,0.0,0.0
2018-05-29 15:45:04.037971,1023.0,0.0,0.0,0.0,0.0,0.0
2018-05-29 15:45:04.093982,1023.0,0.0,0.0,0.0,0.0,0.0
2018-05-29 15:45:04.149993,1023.0,0.0,0.0,0.0,0.0,0.0
2018-05-29 15:45:04.207004,1023.0,0.0,0.0,0.0,0.0,0.0
2018-05-29 15:45:04.268017,1023.0,0.0,0.0,0.0,0.0,0.0
2018-05-29 15:45:04.324028,1023.0,0.0,0.0,0.0,0.0,0.0
2018-05-29 15:45:04.379039,1023.0,0.0,0.0,0.0,0.0,0.0
2018-05-29 15:45:04.434050,1023.0,0.0,0.0,0.0,0.0,0.0
2018-05-29 15:45:04.489061,1023.0,0.0,0.0,0.0,0.0,0.0
2018-05-29 15:45:04.544072,1023.0,0.0,0.0,0.0,0.0,0.0
2018-05-29 15:45:04.599083,1023.0,0.0,0.0,0.0,0.0,0.0
2018-05-29 15:45:04.655094,1023.0,0.0,0.0,0.0,0.0,0.0
2018-05-29 15:45:04.710105,1023.0,0.0,0.0,0.0,0.0,0.0
2018-05-29 15:45:04.770117,1023.0,0.0,0.0,0.0,0.0,0.0
2018-05-29 15:45:04.827128,1023.0,0.0,0.0,0.0,0.0,0.0
2018-05-29 15:45:04.885140,1023.0,0.0,0.0,0.0,0.0,0.0
2018-05-29 15:45:04.944152,1023.0,0.0,0.0,0.0,0.0,0.0
2018-05-29 15:45:05.002163,1023.0,0.0,0.0,0.0,0.0,0.0
2018-05-29 15:45:05.067176,1023.0,0.0,0.0,0.0,0.0,0.0
2018-05-29 15:45:05.123188,1023.0,0.0,0.0,0.0,0.0,0.0
2018-05-29 15:45:05.179199,1023.0,0.0,0.0,0.0,0.0,0.0
2018-05-29 15:45:05.234210,1023.0,0.0,0.0,0.0,0.0,0.0
2018-05-29 15:45:05.293222,1023.0,0.0,0.0,0.0,0.0,0.0
2018-05-29 15:45:05.348233,1023.0,0.0,0.0,0.0,0.0,0.0
2018-05-29 15:45:05.404244,1023.0,0.0,0.0,0.0,0.0,0.0
2018-05-29 15:45:05.459255,1023.0,0.0,0.0,0.0,0.0,0.0
2018-05-29 15:45:05.514266,1023.0,0.0,0.0,0.0,0.0,0.0
2018-05-29 15:45:05.569277,1023.0,0.0,0.0,0.0,0.0,0.0
2018-05-29 15:45:05.624288,1023.0,0.0,0.0,0.0,0.0,0.0
2018-05-29 15:45:05.678299,1023.0,0.0,0.0,0.0,0.0,0.0
2018-05-29 15:45:05.735310,1023.0,0.0,0.0,0.0,0.0,0.0
2018-05-29 15:45:05.796322,1023.0,0.0,0.0,0.0,0.0,0.0
2018-05-29 15:45:05.853334,1023.0,0.0,0.0,0.0,0.0,0.0
2018-05-29 15:45:05.920347,1023.0,0.0,0.0,0.0,0.0,0.0
2018-05-29 15:45:05.975358,1023.0,0.0,0.0,0.0,0.0,0.0
2018-05-29 15:45:06.033370,1023.0,0.0,0.0,0.0,0.0,0.0
2018-05-29 15:45:06.088381,1023.0,0.0,0.0,0.0,0.0,0.0
2018-05-29 15:45:06.143392,1023.0,0.0,0.0,0.0,0.0,0.0
2018-05-29 15:45:06.203404,1023.0,0.0,0.0,0.0,0.0,0.0
2018-05-29 15:45:06.263416,1023.0,0.0,0.0,0.0,0.0,0.0
2018-05-29 15:45:06.321427,1023.0,0.0,0.0,0.0,0.0,0.0
2018-05-29 15:45:06.377438,1023.0,0.0,0.0,0.0,0.0,0.0
2018-05-29 15:45:06.433450,1023.0,0.0,0.0,0.0,0.0,0.0
2018-05-29 15:45:06.491461,1023.0,0.0,0.0,0.0,0.0,0.0
2018-05-29 15:45:06.549473,1023.0,0.0,0.0,0.0,0.0,0.0
2018-05-29 15:45:06.606484,1023.0,0.0,0.0,0.0,0.0,0.0
2018-05-29 15:45:06.665496,1023.0,0.0,0.0,0.0,0.0,0.0
2018-05-29 15:45:06.723508,1023.0,0.0,0.0,0.0,0.0,0.0
2018-05-29 15:45:06.784520,1023.0,0.0,0.0,0.0,0.0,0.0
2018-05-29 15:45:06.845532,1023.0,0.0,0.0,0.0,0.0,0.0
2018-05-29 15:45:06.904544,1023.0,0.0,0.0,0.0,0.0,0.0
2018-05-29 15:45:06.961555,1023.0,0.0,0.0,0.0,0.0,0.0
2018-05-29 15:45:07.018567,1023.0,0.0,0.0,0.0,0.0,0.0
2018-05-29 15:45:07.074578,1023.0,0.0,0.0,0.0,0.0,0.0
2018-05-29 15:45:07.130589,1023.0,0.0,0.0,0.0,0.0,0.0
2018-05-29 15:45:07.188601,1023.0,0.0,0.0,0.0,0.0,0.0
2018-05-29 15:45:07.246612,1023.0,0.0,0.0,0.0,0.0,0.0
2018-05-29 15:45:07.306624,1023.0,0.0,0.0,0.0,0.0,0.0
2018-05-29 15:45:07.362635,1023.0,0.0,0.0,0.0,0.0,0.0
2018-05-29 15:45:07.421647,1023.0,0.0,0.0,0.0,0.0,0.0
2018-05-29 15:45:07.479659,1023.0,0.0,0.0,0.0,0.0,0.0
2018-05-29 15:45:07.534670,1023.0,0.0,0.0,0.0,0.0,0.0
2018-05-29 15:45:07.591681,1023.0,0.0,0.0,0.0,0.0,0.0
2018-05-29 15:45:07.646692,1023.0,0.0,0.0,0.0,0.0,0.0
2018-05-29 15:45:07.702703,1023.0,0.0,0.0,0.0,0.0,0.0
2018-05-29 15:45:07.758715,1023.0,0.0,0.0,0.0,0.0,0.0
2018-05-29 15:45:07.820727,1023.0,0.0,0.0,0.0,0.0,0.0
2018-05-29 15:45:07.878739,1023.0,0.0,0.0,0.0,0.0,0.0
2018-05-29 15:45:07.934750,1023.0,0.0,0.0,0.0,0.0,0.0
2018-05-29 15:45:07.990761,1023.0,0.0,0.0,0.0,0.0,0.0
2018-05-29 15:45:08.048773,1023.0,0.0,0.0,0.0,0.0,0.0
2018-05-29 15:45:08.102783,1023.0,0.0,0.0,0.0,0.0,0.0
2018-05-29 15:45:08.157794,1023.0,0.0,0.0,0.0,0.0,0.0
2018-05-29 15:45:08.212805,1023.0,0.0,0.0,0.0,0.0,0.0
2018-05-29 15:45:08.268817,1023.0,0.0,0.0,0.0,0.0,0.0
2018-05-29 15:45:08.329829,1023.0,0.0,0.0,0.0,0.0,0.0
2018-05-29 15:45:08.384840,1023.0,0.0,0.0,0.0,0.0,0.0
2018-05-29 15:45:08.440851,1023.0,0.0,0.0,0.0,0.0,0.0
2018-05-29 15:45:08.495862,1023.0,0.0,0.0,0.0,0.0,0.0
2018-05-29 15:45:08.549873,1023.0,0.0,0.0,0.0,0.0,0.0
2018-05-29 15:45:08.604884,1023.0,0.0,0.0,0.0,0.0,0.0
2018-05-29 15:45:08.658895,1023.0,0.0,0.0,0.0,0.0,0.0
2018-05-29 15:45:08.714906,1023.0,0.0,0.0,0.0,0.0,0.0
2018-05-29 15:45:08.771917,1023.0,0.0,0.0,0.0,0.0,0.0
2018-05-29 15:45:08.834933,1023.0,0.0,0.0,0.0,0.0,0.0
2018-05-29 15:45:08.892967,1023.0,0.0,0.0,0.0,0.0,0.0
2018-05-29 15:45:08.954004,1023.0,0.0,0.0,0.0,0.0,0.0
2018-05-29 15:45:09.014040,1023.0,0.0,0.0,0.0,0.0,0.0
2018-05-29 15:45:09.071074,1023.0,0.0,0.0,0.0,0.0,0.0
2018-05-29 15:45:09.128108,1023.0,0.0,0.0,0.0,0.0,0.0
2018-05-29 15:45:09.184142,1023.0,0.0,0.0,0.0,0.0,0.0
2018-05-29 15:45:09.240176,1023.0,0.0,0.0,0.0,0.0,0.0
2018-05-29 15:45:09.300212,1023.0,0.0,0.0,0.0,0.0,0.0
2018-05-29 15:45:09.359247,1023.0,0.0,0.0,0.0,0.0,0.0
2018-05-29 15:45:09.414280,1023.0,0.0,0.0,0.0,0.0,0.0
2018-05-29 15:45:09.469313,1023.0,0.0,0.0,0.0,0.0,0.0
2018-05-29 15:45:09.525347,1023.0,0.0,0.0,0.0,0.0,0.0
2018-05-29 15:45:09.583381,1023.0,0.0,0.0,0.0,0.0,0.0
2018-05-29 15:45:09.638414,1023.0,0.0,0.0,0.0,0.0,0.0
2018-05-29 15:45:09.694448,1023.0,0.0,0.0,0.0,0.0,0.0
2018-05-29 15:45:09.749481,1023.0,0.0,0.0,0.0,0.0,0.0
2018-05-29 15:45:09.805515,1023.0,0.0,0.0,0.0,0.0,0.0
2018-05-29 15:45:09.868552,1023.0,0.0,0.0,0.0,0.0,0.0
2018-05-29 15:45:09.924586,1023.0,0.0,0.0,0.0,0.0,0.0
2018-05-29 15:45:09.979619,1023.0,0.0,0.0,0.0,0.0,0.0
2018-05-29 15:45:10.035653,1023.0,0.0,0.0,0.0,0.0,0.0
2018-05-29 15:45:10.089685,1023.0,0.0,0.0,0.0,0.0,0.0
2018-05-29 15:45:10.144718,1023.0,0.0,0.0,0.0,0.0,0.0
2018-05-29 15:45:10.197750,1023.0,0.0,0.0,0.0,0.0,0.0
2018-05-29 15:45:10.253783,1023.0,0.0,0.0,0.0,0.0,0.0
2018-05-29 15:45:10.311818,1023.0,0.0,0.0,0.0,0.0,0.0
2018-05-29 15:45:10.369853,1023.0,0.0,0.0,0.0,0.0,0.0
2018-05-29 15:45:10.425887,1023.0,0.0,0.0,0.0,0.0,0.0
2018-05-29 15:45:10.479919,1023.0,0.0,0.0,0.0,0.0,0.0
2018-05-29 15:45:10.533951,1023.0,0.0,0.0,0.0,0.0,0.0
2018-05-29 15:45:10.587984,1023.0,0.0,0.0,0.0,0.0,0.0
2018-05-29 15:45:10.643017,1023.0,0.0,0.0,0.0,0.0,0.0
2018-05-29 15:45:10.697049,1023.0,0.0,0.0,0.0,0.0,0.0
2018-05-29 15:45:10.752082,1023.0,0.0,0.0,0.0,0.0,0.0
2018-05-29 15:45:10.810117,1023.0,0.0,0.0,0.0,0.0,0.0
2018-05-29 15:45:10.869152,1023.0,0.0,0.0,0.0,0.0,0.0
2018-05-29 15:45:10.924185,1023.0,0.0,0.0,0.0,0.0,0.0
2018-05-29 15:45:10.978218,1023.0,0.0,0.0,0.0,0.0,0.0
2018-05-29 15:45:11.034251,1023.0,0.0,0.0,0.0,0.0,0.0
2018-05-29 15:45:11.089284,1023.0,0.0,0.0,0.0,0.0,0.0
2018-05-29 15:45:11.143317,1023.0,0.0,0.0,0.0,0.0,0.0
2018-05-29 15:45:11.198350,1023.0,0.0,0.0,0.0,0.0,0.0
2018-05-29 15:45:11.255384,1023.0,0.0,0.0,0.0,0.0,0.0
2018-05-29 15:45:11.310417,1023.0,0.0,0.0,0.0,0.0,0.0
2018-05-29 15:45:11.370453,1023.0,0.0,0.0,0.0,0.0,0.0
2018-05-29 15:45:11.425486,1023.0,0.0,0.0,0.0,0.0,0.0
2018-05-29 15:45:11.479518,1023.0,0.0,0.0,0.0,0.0,0.0
2018-05-29 15:45:11.534551,1023.0,0.0,0.0,0.0,0.0,0.0
2018-05-29 15:45:11.588584,1023.0,0.0,0.0,0.0,0.0,0.0
2018-05-29 15:45:11.642616,1023.0,0.0,0.0,0.0,0.0,0.0
2018-05-29 15:45:11.697649,1023.0,0.0,0.0,0.0,0.0,0.0
2018-05-29 15:45:11.752682,1023.0,0.0,0.0,0.0,0.0,0.0
2018-05-29 15:45:11.807715,1023.0,0.0,0.0,0.0,0.0,0.0
2018-05-29 15:45:11.868752,1023.0,0.0,0.0,0.0,0.0,0.0
2018-05-29 15:45:11.923785,1023.0,0.0,0.0,0.0,0.0,0.0
2018-05-29 15:45:11.978818,1023.0,0.0,0.0,0.0,0.0,0.0
2018-05-29 15:45:12.034851,1023.0,0.0,0.0,0.0,0.0,0.0
2018-05-29 15:45:12.089884,1023.0,0.0,0.0,0.0,0.0,0.0
2018-05-29 15:45:12.143917,1023.0,0.0,0.0,0.0,0.0,0.0
2018-05-29 15:45:12.198950,1023.0,0.0,0.0,0.0,0.0,0.0
2018-05-29 15:45:12.254983,1023.0,0.0,0.0,0.0,0.0,0.0
2018-05-29 15:45:12.311017,1023.0,0.0,0.0,0.0,0.0,0.0
2018-05-29 15:45:12.371053,1023.0,0.0,0.0,0.0,0.0,0.0
2018-05-29 15:45:12.427087,1023.0,0.0,0.0,0.0,0.0,0.0
2018-05-29 15:45:12.486122,1023.0,0.0,0.0,0.0,0.0,0.0
2018-05-29 15:45:12.545157,1023.0,0.0,0.0,0.0,0.0,0.0
2018-05-29 15:45:12.600190,1023.0,0.0,0.0,0.0,0.0,0.0
2018-05-29 15:45:12.657225,1023.0,0.0,0.0,0.0,0.0,0.0
2018-05-29 15:45:12.715259,1023.0,0.0,0.0,0.0,0.0,0.0
2018-05-29 15:45:12.771293,1023.0,0.0,0.0,0.0,0.0,0.0
2018-05-29 15:45:12.827327,1023.0,0.0,0.0,0.0,0.0,0.0
2018-05-29 15:45:12.887363,1023.0,0.0,0.0,0.0,0.0,0.0
2018-05-29 15:45:12.942396,1023.0,0.0,0.0,0.0,0.0,0.0
2018-05-29 15:45:12.997429,1023.0,0.0,0.0,0.0,0.0,0.0
2018-05-29 15:45:13.053462,1023.0,0.0,0.0,0.0,0.0,0.0
2018-05-29 15:45:13.109496,1023.0,0.0,0.0,0.0,0.0,0.0
2018-05-29 15:45:13.165529,1023.0,0.0,0.0,0.0,0.0,0.0
2018-05-29 15:45:13.221563,1023.0,0.0,0.0,0.0,0.0,0.0
2018-05-29 15:45:13.278597,1023.0,0.0,0.0,0.0,0.0,0.0
2018-05-29 15:45:13.334631,1023.0,0.0,0.0,0.0,0.0,0.0
2018-05-29 15:45:13.396668,1023.0,0.0,0.0,0.0,0.0,0.0
2018-05-29 15:45:13.451701,1023.0,0.0,0.0,0.0,0.0,0.0
2018-05-29 15:45:13.507735,1023.0,0.0,0.0,0.0,0.0,0.0
2018-05-29 15:45:13.562768,1023.0,0.0,0.0,0.0,0.0,0.0
2018-05-29 15:45:13.625805,1023.0,0.0,0.0,0.0,0.0,0.0
2018-05-29 15:45:13.686842,1023.0,0.0,0.0,0.0,0.0,0.0
2018-05-29 15:45:13.742876,1023.0,0.0,0.0,0.0,0.0,0.0
2018-05-29 15:45:15.917179,1023.0,0.0,0.0,0.0,0.0,0.0
2018-05-29 15:45:15.977215,1023.0,0.0,0.0,0.0,0.0,0.0
2018-05-29 15:45:16.033249,1023.0,0.0,0.0,0.0,0.0,0.0
2018-05-29 15:45:16.091284,1023.0,0.0,0.0,0.0,0.0,0.0
2018-05-29 15:45:16.148318,1023.0,0.0,0.0,0.0,0.0,0.0
2018-05-29 15:45:16.203351,1023.0,0.0,0.0,0.0,0.0,0.0
2018-05-29 15:45:16.257383,1023.0,0.0,0.0,0.0,0.0,0.0
2018-05-29 15:45:16.313417,1023.0,0.0,0.0,0.0,0.0,0.0
2018-05-29 15:45:16.368450,1023.0,0.0,0.0,0.0,0.0,0.0
2018-05-29 15:45:16.422482,1023.0,0.0,0.0,0.0,0.0,0.0
2018-05-29 15:45:16.477515,1023.0,0.0,0.0,0.0,0.0,0.0
2018-05-29 15:45:16.532548,1023.0,0.0,0.0,0.0,0.0,0.0
2018-05-29 15:45:16.586581,1023.0,0.0,0.0,0.0,0.0,0.0
2018-05-29 15:45:16.640613,1023.0,0.0,0.0,0.0,0.0,0.0
2018-05-29 15:45:16.695646,1023.0,0.0,0.0,0.0,0.0,0.0
2018-05-29 15:45:16.750679,1023.0,0.0,0.0,0.0,0.0,0.0
2018-05-29 15:45:16.805712,1023.0,0.0,0.0,0.0,0.0,0.0
2018-05-29 15:45:16.859745,1023.0,0.0,0.0,0.0,0.0,0.0
2018-05-29 15:45:16.914778,1023.0,0.0,0.0,0.0,0.0,0.0
2018-05-29 15:45:16.972812,1023.0,0.0,0.0,0.0,0.0,0.0
2018-05-29 15:45:17.032848,1023.0,0.0,0.0,0.0,0.0,0.0
2018-05-29 15:45:17.087881,1023.0,0.0,0.0,0.0,0.0,0.0
2018-05-29 15:45:17.142914,1023.0,0.0,0.0,0.0,0.0,0.0
2018-05-29 15:45:17.198948,1023.0,0.0,0.0,0.0,0.0,0.0
2018-05-29 15:45:17.253981,1023.0,0.0,0.0,0.0,0.0,0.0
2018-05-29 15:45:17.308013,1023.0,0.0,0.0,0.0,0.0,0.0
2018-05-29 15:45:17.362046,1023.0,0.0,0.0,0.0,0.0,0.0
2018-05-29 15:45:17.417079,1023.0,0.0,0.0,0.0,0.0,0.0
2018-05-29 15:45:17.472112,1023.0,0.0,0.0,0.0,0.0,0.0
2018-05-29 15:45:17.533148,1023.0,0.0,0.0,0.0,0.0,0.0
2018-05-29 15:45:17.588181,1023.0,0.0,0.0,0.0,0.0,0.0
2018-05-29 15:45:17.643214,1023.0,0.0,0.0,0.0,0.0,0.0
2018-05-29 15:45:17.698247,1023.0,0.0,0.0,0.0,0.0,0.0
2018-05-29 15:45:17.752280,1023.0,0.0,0.0,0.0,0.0,0.0
2018-05-29 15:45:17.807313,1023.0,0.0,0.0,0.0,0.0,0.0
2018-05-29 15:45:17.872352,1023.0,0.0,0.0,0.0,0.0,0.0
2018-05-29 15:45:17.929386,1023.0,0.0,0.0,0.0,0.0,0.0
2018-05-29 15:45:17.994425,1023.0,0.0,0.0,0.0,0.0,0.0
2018-05-29 15:45:18.058463,1023.0,0.0,0.0,0.0,0.0,0.0
2018-05-29 15:45:18.116498,1023.0,0.0,0.0,0.0,0.0,0.0
2018-05-29 15:45:18.173532,1023.0,0.0,0.0,0.0,0.0,0.0
2018-05-29 15:45:18.231567,1023.0,0.0,0.0,0.0,0.0,0.0
2018-05-29 15:45:18.289602,1023.0,0.0,0.0,0.0,0.0,0.0
2018-05-29 15:45:18.349638,1023.0,0.0,0.0,0.0,0.0,0.0
2018-05-29 15:45:18.407673,1023.0,0.0,0.0,0.0,0.0,0.0
2018-05-29 15:45:18.462706,1023.0,0.0,0.0,0.0,0.0,0.0
2018-05-29 15:45:18.525744,1023.0,0.0,0.0,0.0,0.0,0.0
2018-05-29 15:45:26.128302,1023.0,0.0,0.0,0.0,0.0,0.0
2018-05-29 15:45:26.192341,1023.0,0.0,0.0,0.0,0.0,0.0
2018-05-29 15:45:26.248374,1023.0,0.0,0.0,0.0,0.0,0.0
2018-05-29 15:45:26.303407,1023.0,0.0,0.0,0.0,0.0,0.0
2018-05-29 15:45:26.357440,1023.0,0.0,0.0,0.0,0.0,0.0
2018-05-29 15:45:26.412473,1023.0,0.0,0.0,0.0,0.0,0.0
2018-05-29 15:45:26.468506,1023.0,0.0,0.0,0.0,0.0,0.0
2018-05-29 15:45:26.523539,1023.0,0.0,0.0,0.0,0.0,0.0
2018-05-29 15:45:26.578572,1023.0,0.0,0.0,0.0,0.0,0.0
2018-05-29 15:45:26.632605,1023.0,0.0,0.0,0.0,0.0,0.0
2018-05-29 15:45:26.686637,1023.0,0.0,0.0,0.0,0.0,0.0
2018-05-29 15:45:26.741670,1023.0,0.0,0.0,0.0,0.0,0.0
2018-05-29 15:45:26.795703,1023.0,0.0,0.0,0.0,0.0,0.0
2018-05-29 15:45:26.851736,1023.0,0.0,0.0,0.0,0.0,0.0
2018-05-29 15:45:26.905769,1023.0,0.0,0.0,0.0,0.0,0.0
2018-05-29 15:45:26.960802,1023.0,0.0,0.0,0.0,0.0,0.0
2018-05-29 15:45:27.014834,1023.0,0.0,0.0,0.0,0.0,0.0
2018-05-29 15:45:27.069867,1023.0,0.0,0.0,0.0,0.0,0.0
2018-05-29 15:45:27.123899,1023.0,0.0,0.0,0.0,0.0,0.0
2018-05-29 15:45:27.178932,1023.0,0.0,0.0,0.0,0.0,0.0
2018-05-29 15:45:27.237968,1023.0,0.0,0.0,0.0,0.0,0.0
2018-05-29 15:45:27.293001,1023.0,0.0,0.0,0.0,0.0,0.0
2018-05-29 15:45:27.348034,1023.0,0.0,0.0,0.0,0.0,0.0
2018-05-29 15:45:27.402066,1023.0,0.0,0.0,0.0,0.0,0.0
2018-05-29 15:45:27.456099,1023.0,0.0,0.0,0.0,0.0,0.0
2018-05-29 15:45:27.511132,1023.0,0.0,0.0,0.0,0.0,0.0
2018-05-29 15:45:27.565164,1023.0,0.0,0.0,0.0,0.0,0.0
2018-05-29 15:45:27.619196,1023.0,0.0,0.0,0.0,0.0,0.0
2018-05-29 15:45:27.674229,1023.0,0.0,0.0,0.0,0.0,0.0
2018-05-29 15:45:27.735266,1023.0,0.0,0.0,0.0,0.0,0.0
2018-05-29 15:45:27.790299,1023.0,0.0,0.0,0.0,0.0,0.0
2018-05-29 15:45:27.845332,1023.0,0.0,0.0,0.0,0.0,0.0
2018-05-29 15:45:27.900365,1023.0,0.0,0.0,0.0,0.0,0.0
2018-05-29 15:45:27.954397,1023.0,0.0,0.0,0.0,0.0,0.0
2018-05-29 15:45:28.008430,1023.0,0.0,0.0,0.0,0.0,0.0
2018-05-29 15:45:28.064463,1023.0,0.0,0.0,0.0,0.0,0.0
2018-05-29 15:45:28.119496,1023.0,0.0,0.0,0.0,0.0,0.0
2018-05-29 15:45:28.174529,1023.0,0.0,0.0,0.0,0.0,0.0
2018-05-29 15:45:28.244571,1023.0,0.0,0.0,0.0,0.0,0.0
2018-05-29 15:45:28.301606,1023.0,0.0,0.0,0.0,0.0,0.0
2018-05-29 15:45:28.357639,1023.0,0.0,0.0,0.0,0.0,0.0
2018-05-29 15:45:28.416675,1023.0,0.0,0.0,0.0,0.0,0.0
2018-05-29 15:45:28.474709,1023.0,0.0,0.0,0.0,0.0,0.0
2018-05-29 15:45:28.532744,1023.0,0.0,0.0,0.0,0.0,0.0
2018-05-29 15:45:28.590779,1023.0,0.0,0.0,0.0,0.0,0.0
2018-05-29 15:45:28.648814,1023.0,0.0,0.0,0.0,0.0,0.0
2018-05-29 15:45:28.704847,1023.0,0.0,0.0,0.0,0.0,0.0
2018-05-29 15:45:28.765884,1023.0,0.0,0.0,0.0,0.0,0.0
2018-05-29 15:45:28.821918,1023.0,0.0,0.0,0.0,0.0,0.0
2018-05-29 15:45:28.876951,1023.0,0.0,0.0,0.0,0.0,0.0
2018-05-29 15:45:28.932984,1023.0,0.0,0.0,0.0,0.0,0.0
2018-05-29 15:45:28.988017,1023.0,0.0,0.0,0.0,0.0,0.0
2018-05-29 15:45:29.045051,1023.0,0.0,0.0,0.0,0.0,0.0
2018-05-29 15:45:29.101085,1023.0,0.0,0.0,0.0,0.0,0.0
2018-05-29 15:45:29.156118,1023.0,0.0,0.0,0.0,0.0,0.0
2018-05-29 15:45:29.211151,1023.0,0.0,0.0,0.0,0.0,0.0
2018-05-29 15:45:29.271187,1023.0,0.0,0.0,0.0,0.0,0.0
2018-05-29 15:45:29.328221,1023.0,0.0,0.0,0.0,0.0,0.0
2018-05-29 15:45:29.383254,1023.0,0.0,0.0,0.0,0.0,0.0
2018-05-29 15:45:29.437287,1023.0,0.0,0.0,0.0,0.0,0.0
2018-05-29 15:45:29.492320,1023.0,0.0,0.0,0.0,0.0,0.0
2018-05-29 15:45:29.548353,1023.0,0.0,0.0,0.0,0.0,0.0
2018-05-29 15:45:29.602386,1023.0,0.0,0.0,0.0,0.0,0.0
2018-05-29 15:45:29.657419,1023.0,0.0,0.0,0.0,0.0,0.0
2018-05-29 15:45:29.713452,1023.0,0.0,0.0,0.0,0.0,0.0
2018-05-29 15:45:29.773488,1023.0,0.0,0.0,0.0,0.0,0.0
2018-05-29 15:45:29.828521,1023.0,0.0,0.0,0.0,0.0,0.0
2018-05-29 15:45:29.883554,1023.0,0.0,0.0,0.0,0.0,0.0
2018-05-29 15:45:29.938587,1023.0,0.0,0.0,0.0,0.0,0.0
2018-05-29 15:45:29.994621,1023.0,0.0,0.0,0.0,0.0,0.0
2018-05-29 15:45:30.049654,1023.0,0.0,0.0,0.0,0.0,0.0
2018-05-29 15:45:30.103686,1023.0,0.0,0.0,0.0,0.0,0.0
2018-05-29 15:45:30.158719,1023.0,0.0,0.0,0.0,0.0,0.0
2018-05-29 15:45:30.214753,1023.0,0.0,0.0,0.0,0.0,0.0
2018-05-29 15:45:30.274789,1023.0,0.0,0.0,0.0,0.0,0.0
2018-05-29 15:45:30.332824,1023.0,0.0,0.0,0.0,0.0,0.0
2018-05-29 15:45:30.388857,1023.0,0.0,0.0,0.0,0.0,0.0
2018-05-29 15:45:30.445891,1023.0,0.0,0.0,0.0,0.0,0.0
2018-05-29 15:45:30.500924,1023.0,0.0,0.0,0.0,0.0,0.0
2018-05-29 15:45:30.555957,1023.0,0.0,0.0,0.0,0.0,0.0
2018-05-29 15:45:30.610990,1023.0,0.0,0.0,0.0,0.0,0.0
2018-05-29 15:45:30.668025,1023.0,0.0,0.0,0.0,0.0,0.0
2018-05-29 15:45:30.724058,1023.0,0.0,0.0,0.0,0.0,0.0
2018-05-29 15:45:30.785095,1023.0,0.0,0.0,0.0,0.0,0.0
2018-05-29 15:45:30.841128,1023.0,0.0,0.0,0.0,0.0,0.0
2018-05-29 15:45:30.896161,1023.0,0.0,0.0,0.0,0.0,0.0
2018-05-29 15:45:30.951194,1023.0,0.0,0.0,0.0,0.0,0.0
2018-05-29 15:45:31.011230,1023.0,0.0,0.0,0.0,0.0,0.0
2018-05-29 15:45:31.067264,1023.0,0.0,0.0,0.0,0.0,0.0
2018-05-29 15:45:31.124298,1023.0,0.0,0.0,0.0,0.0,0.0
2018-05-29 15:45:31.180332,1023.0,0.0,0.0,0.0,0.0,0.0
2018-05-29 15:45:31.238367,1023.0,0.0,0.0,0.0,0.0,0.0
2018-05-29 15:45:31.298403,1023.0,0.0,0.0,0.0,0.0,0.0
2018-05-29 15:45:31.353436,1023.0,0.0,0.0,0.0,0.0,0.0
2018-05-29 15:45:31.409469,1023.0,0.0,0.0,0.0,0.0,0.0
2018-05-29 15:45:31.465503,1023.0,0.0,0.0,0.0,0.0,0.0
2018-05-29 15:45:31.519535,1023.0,0.0,0.0,0.0,0.0,0.0
2018-05-29 15:45:31.576569,1023.0,0.0,0.0,0.0,0.0,0.0
2018-05-29 15:45:31.634604,1023.0,0.0,0.0,0.0,0.0,0.0
2018-05-29 15:45:31.693640,1023.0,0.0,0.0,0.0,0.0,0.0
2018-05-29 15:45:31.755677,1023.0,0.0,0.0,0.0,0.0,0.0
2018-05-29 15:45:31.816713,1023.0,0.0,0.0,0.0,0.0,0.0
2018-05-29 15:45:31.873748,1023.0,0.0,0.0,0.0,0.0,0.0
2018-05-29 15:45:31.928781,1023.0,0.0,0.0,0.0,0.0,0.0
2018-05-29 15:45:31.984814,1023.0,0.0,0.0,0.0,0.0,0.0
2018-05-29 15:45:32.041848,1023.0,0.0,0.0,0.0,0.0,0.0
2018-05-29 15:45:32.097882,1023.0,0.0,0.0,0.0,0.0,0.0
2018-05-29 15:45:32.151914,1023.0,0.0,0.0,0.0,0.0,0.0
2018-05-29 15:45:32.206947,1023.0,0.0,0.0,0.0,0.0,0.0
2018-05-29 15:45:32.264982,1023.0,0.0,0.0,0.0,0.0,0.0
2018-05-29 15:45:32.328020,1023.0,0.0,0.0,0.0,0.0,0.0
2018-05-29 15:45:32.384054,1023.0,0.0,0.0,0.0,0.0,0.0
2018-05-29 15:45:32.441088,1023.0,0.0,0.0,0.0,0.0,0.0
2018-05-29 15:45:32.497121,1023.0,0.0,0.0,0.0,0.0,0.0
2018-05-29 15:45:32.553155,1023.0,0.0,0.0,0.0,0.0,0.0
2018-05-29 15:45:32.609189,1023.0,0.0,0.0,0.0,0.0,0.0
2018-05-29 15:45:32.664222,1023.0,0.0,0.0,0.0,0.0,0.0
2018-05-29 15:45:32.725258,1023.0,0.0,0.0,0.0,0.0,0.0
2018-05-29 15:45:32.781292,1023.0,0.0,0.0,0.0,0.0,0.0
2018-05-29 15:45:32.843329,1023.0,0.0,0.0,0.0,0.0,0.0
