datetime,IP1,FC1,Volt FC1 ,Vtip,Itip,BV1
2018-05-30 09:58:13.693925,1023.0,0.0,0.0,0.0,0.0,0.0
2018-05-30 09:58:13.856957,1023.0,0.0,0.0,0.0,0.0,0.0
2018-05-30 09:58:14.061998,1023.0,0.0,0.0,0.0,0.0,0.0
2018-05-30 09:58:14.264050,1023.0,0.0,0.0,0.0,0.0,0.0
2018-05-30 09:58:14.468111,1023.0,0.0,0.0,0.0,0.0,0.0
2018-05-30 09:58:14.669171,1023.0,0.0,0.0,0.0,0.0,0.0
2018-05-30 09:58:14.872232,1023.0,0.0,0.0,0.0,0.0,0.0
2018-05-30 09:58:15.073293,1023.0,0.0,0.0,0.0,0.0,0.0
2018-05-30 09:58:15.274353,1023.0,0.0,0.0,0.0,0.0,0.0
2018-05-30 09:58:15.477414,1023.0,0.0,0.0,0.0,0.0,0.0
2018-05-30 09:58:15.678474,1023.0,0.0,0.0,0.0,0.0,0.0
2018-05-30 09:58:15.881535,1023.0,0.0,0.0,0.0,0.0,0.0
2018-05-30 09:58:16.082595,1023.0,0.0,0.0,0.0,0.0,0.0
2018-05-30 09:58:16.296660,1023.0,0.0,0.0,0.0,0.0,0.0
2018-05-30 09:58:16.498720,1023.0,0.0,0.0,0.0,0.0,0.0
2018-05-30 09:58:16.794809,1023.0,0.0,0.0,0.0,0.0,0.0
2018-05-30 09:58:16.921847,1023.0,0.0,0.0,0.0,0.0,0.0
2018-05-30 09:58:17.105902,1023.0,0.0,0.0,0.0,0.0,0.0
2018-05-30 09:58:17.306963,1023.0,0.0,0.0,0.0,0.0,0.0
2018-05-30 09:58:17.511024,1023.0,0.0,0.0,0.0,0.0,0.0
2018-05-30 09:58:17.771102,1023.0,0.0,0.0,0.0,0.0,0.0
2018-05-30 09:58:17.932150,1023.0,0.0,0.0,0.0,0.0,0.0
2018-05-30 09:58:18.121207,1023.0,0.0,0.0,0.0,0.0,0.0
2018-05-30 09:58:18.322267,1023.0,0.0,0.0,0.0,0.0,0.0
2018-05-30 09:58:18.525328,1023.0,0.0,0.0,0.0,0.0,0.0
2018-05-30 09:58:18.726388,1023.0,0.0,0.0,0.0,0.0,0.0
2018-05-30 09:58:18.928449,1023.0,0.0,0.0,0.0,0.0,0.0
2018-05-30 09:58:19.130509,1023.0,0.0,0.0,0.0,0.0,0.0
2018-05-30 09:58:19.332570,1023.0,0.0,0.0,0.0,0.0,0.0
2018-05-30 09:58:19.533630,1023.0,0.0,0.0,0.0,0.0,0.0
2018-05-30 09:58:19.734691,1023.0,0.0,0.0,0.0,0.0,0.0
2018-05-30 09:58:19.936751,1023.0,0.0,0.0,0.0,0.0,0.0
2018-05-30 09:58:20.137812,1023.0,0.0,0.0,0.0,0.0,0.0
2018-05-30 09:58:20.344874,1023.0,0.0,0.0,0.0,0.0,0.0
2018-05-30 09:58:20.547935,1023.0,0.0,0.0,0.0,0.0,0.0
2018-05-30 09:58:20.747995,1023.0,0.0,0.0,0.0,0.0,0.0
2018-05-30 09:58:20.950055,1023.0,0.0,0.0,0.0,0.0,0.0
2018-05-30 09:58:21.151115,1023.0,0.0,0.0,0.0,0.0,0.0
2018-05-30 09:58:21.353176,1023.0,0.0,0.0,0.0,0.0,0.0
2018-05-30 09:58:21.556237,1023.0,0.0,0.0,0.0,0.0,0.0
2018-05-30 09:58:21.757297,1023.0,0.0,0.0,0.0,0.0,0.0
2018-05-30 09:58:21.960358,1023.0,0.0,0.0,0.0,0.0,0.0
2018-05-30 09:58:22.161418,1023.0,0.0,0.0,0.0,0.0,0.0
2018-05-30 09:58:22.362479,1023.0,0.0,0.0,0.0,0.0,0.0
2018-05-30 09:58:22.564539,1023.0,0.0,0.0,0.0,0.0,0.0
2018-05-30 09:58:22.766600,1023.0,0.0,0.0,0.0,0.0,0.0
2018-05-30 09:58:22.968661,1023.0,0.0,0.0,0.0,0.0,0.0
2018-05-30 09:58:23.170721,1023.0,0.0,0.0,0.0,0.0,0.0
2018-05-30 09:58:23.371781,1023.0,0.0,0.0,0.0,0.0,0.0
2018-05-30 09:58:23.573842,1023.0,0.0,0.0,0.0,0.0,0.0
2018-05-30 09:58:23.774902,1023.0,0.0,0.0,0.0,0.0,0.0
2018-05-30 09:58:23.976963,1023.0,0.0,0.0,0.0,0.0,0.0
2018-05-30 09:58:24.178023,1023.0,0.0,0.0,0.0,0.0,0.0
2018-05-30 09:58:24.379084,1023.0,0.0,0.0,0.0,0.0,0.0
2018-05-30 09:58:24.581144,1023.0,0.0,0.0,0.0,0.0,0.0
2018-05-30 09:58:24.782204,1023.0,0.0,0.0,0.0,0.0,0.0
2018-05-30 09:58:24.984265,1023.0,0.0,0.0,0.0,0.0,0.0
2018-05-30 09:58:25.186326,1023.0,0.0,0.0,0.0,0.0,0.0
2018-05-30 09:58:25.387386,1023.0,0.0,0.0,0.0,0.0,0.0
2018-05-30 09:58:25.589447,1023.0,0.0,0.0,0.0,0.0,0.0
2018-05-30 09:58:25.790507,1023.0,0.0,0.0,0.0,0.0,0.0
2018-05-30 09:58:25.991567,1023.0,0.0,0.0,0.0,0.0,0.0
2018-05-30 09:58:26.193628,1023.0,0.0,0.0,0.0,0.0,0.0
2018-05-30 09:58:26.395688,1023.0,0.0,0.0,0.0,0.0,0.0
2018-05-30 09:58:26.597749,1023.0,0.0,0.0,0.0,0.0,0.0
2018-05-30 09:58:26.798809,1023.0,0.0,0.0,0.0,0.0,0.0
2018-05-30 09:58:26.999870,1023.0,0.0,0.0,0.0,0.0,0.0
2018-05-30 09:58:27.201930,1023.0,0.0,0.0,0.0,0.0,0.0
2018-05-30 09:58:27.402990,1023.0,0.0,0.0,0.0,0.0,0.0
2018-05-30 09:58:27.606051,1023.0,0.0,0.0,0.0,0.0,0.0
2018-05-30 09:58:27.808112,1023.0,0.0,0.0,0.0,0.0,0.0
2018-05-30 09:58:28.011173,1023.0,0.0,0.0,0.0,0.0,0.0
2018-05-30 09:58:28.214234,1023.0,0.0,0.0,0.0,0.0,0.0
2018-05-30 09:58:28.415294,1023.0,0.0,0.0,0.0,0.0,0.0
2018-05-30 09:58:28.617355,1023.0,0.0,0.0,0.0,0.0,0.0
2018-05-30 09:58:28.818415,1023.0,0.0,0.0,0.0,0.0,0.0
2018-05-30 09:58:29.020476,1023.0,0.0,0.0,0.0,0.0,0.0
2018-05-30 09:58:29.221536,1023.0,0.0,0.0,0.0,0.0,0.0
2018-05-30 09:58:29.422596,1023.0,0.0,0.0,0.0,0.0,0.0
2018-05-30 09:58:29.625657,1023.0,0.0,0.0,0.0,0.0,0.0
2018-05-30 09:58:29.826717,1023.0,0.0,0.0,0.0,0.0,0.0
2018-05-30 09:58:30.027778,1023.0,0.0,0.0,0.0,0.0,0.0
2018-05-30 09:58:30.229838,1023.0,0.0,0.0,0.0,0.0,0.0
2018-05-30 09:58:30.430899,1023.0,0.0,0.0,0.0,0.0,0.0
2018-05-30 09:58:30.636960,1023.0,0.0,0.0,0.0,0.0,0.0
2018-05-30 09:58:30.838021,1023.0,0.0,0.0,0.0,0.0,0.0
2018-05-30 09:58:31.039081,1023.0,0.0,0.0,0.0,0.0,0.0
2018-05-30 09:58:31.241142,1023.0,0.0,0.0,0.0,0.0,0.0
2018-05-30 09:58:31.442202,1023.0,0.0,0.0,0.0,0.0,0.0
2018-05-30 09:58:31.646263,1023.0,0.0,0.0,0.0,0.0,0.0
2018-05-30 09:58:31.846323,1023.0,0.0,0.0,0.0,0.0,0.0
2018-05-30 09:58:32.047383,1023.0,0.0,0.0,0.0,0.0,0.0
2018-05-30 09:58:32.249444,1023.0,0.0,0.0,0.0,0.0,0.0
2018-05-30 09:58:32.451505,1023.0,0.0,0.0,0.0,0.0,0.0
2018-05-30 09:58:32.658567,1023.0,0.0,0.0,0.0,0.0,0.0
2018-05-30 09:58:32.857626,1023.0,0.0,0.0,0.0,0.0,0.0
2018-05-30 09:58:33.058687,1023.0,0.0,0.0,0.0,0.0,0.0
2018-05-30 09:58:33.263748,1023.0,0.0,0.0,0.0,0.0,0.0
2018-05-30 09:58:33.464808,1023.0,0.0,0.0,0.0,0.0,0.0
2018-05-30 09:58:33.666869,1023.0,0.0,0.0,0.0,0.0,0.0
2018-05-30 09:58:33.867929,1023.0,0.0,0.0,0.0,0.0,0.0
2018-05-30 09:58:34.068990,1023.0,0.0,0.0,0.0,0.0,0.0
2018-05-30 09:58:34.271050,1023.0,0.0,0.0,0.0,0.0,0.0
2018-05-30 09:58:34.472111,1023.0,0.0,0.0,0.0,0.0,0.0
2018-05-30 09:58:34.676172,1023.0,0.0,0.0,0.0,0.0,0.0
2018-05-30 09:58:34.910242,1023.0,0.0,0.0,0.0,0.0,0.0
2018-05-30 09:58:35.111302,1023.0,0.0,0.0,0.0,0.0,0.0
2018-05-30 09:58:35.313363,1023.0,0.0,0.0,0.0,0.0,0.0
2018-05-30 09:58:35.514423,1023.0,0.0,0.0,0.0,0.0,0.0
2018-05-30 09:58:35.716484,1023.0,0.0,0.0,0.0,0.0,0.0
2018-05-30 09:58:35.917544,1023.0,0.0,0.0,0.0,0.0,0.0
2018-05-30 09:58:36.119605,1023.0,0.0,0.0,0.0,0.0,0.0
2018-05-30 09:58:36.336670,1023.0,0.0,0.0,0.0,0.0,0.0
2018-05-30 09:58:36.537730,1023.0,0.0,0.0,0.0,0.0,0.0
2018-05-30 09:58:36.740791,1023.0,0.0,0.0,0.0,0.0,0.0
2018-05-30 09:58:36.941851,1023.0,0.0,0.0,0.0,0.0,0.0
2018-05-30 09:58:37.142912,1023.0,0.0,0.0,0.0,0.0,0.0
2018-05-30 09:58:37.344972,1023.0,0.0,0.0,0.0,0.0,0.0
2018-05-30 09:58:37.547033,1023.0,0.0,0.0,0.0,0.0,0.0
2018-05-30 09:58:37.750094,1023.0,0.0,0.0,0.0,0.0,0.0
2018-05-30 09:58:37.952154,1023.0,0.0,0.0,0.0,0.0,0.0
2018-05-30 09:58:38.154215,1023.0,0.0,0.0,0.0,0.0,0.0
2018-05-30 09:58:38.357276,1023.0,0.0,0.0,0.0,0.0,0.0
2018-05-30 09:58:38.558336,1023.0,0.0,0.0,0.0,0.0,0.0
2018-05-30 09:58:38.761397,1023.0,0.0,0.0,0.0,0.0,0.0
2018-05-30 09:58:38.962457,1023.0,0.0,0.0,0.0,0.0,0.0
2018-05-30 09:58:39.169519,1023.0,0.0,0.0,0.0,0.0,0.0
2018-05-30 09:58:39.371580,1023.0,0.0,0.0,0.0,0.0,0.0
2018-05-30 09:58:39.572640,1023.0,0.0,0.0,0.0,0.0,0.0
2018-05-30 09:58:39.777702,1023.0,0.0,0.0,0.0,0.0,0.0
2018-05-30 09:58:39.981763,1023.0,0.0,0.0,0.0,0.0,0.0
2018-05-30 09:58:40.182823,1023.0,0.0,0.0,0.0,0.0,0.0
2018-05-30 09:58:40.386884,1023.0,0.0,0.0,0.0,0.0,0.0
2018-05-30 09:58:40.588945,1023.0,0.0,0.0,0.0,0.0,0.0
2018-05-30 09:58:40.791006,1023.0,0.0,0.0,0.0,0.0,0.0
2018-05-30 09:58:40.994067,1023.0,0.0,0.0,0.0,0.0,0.0
2018-05-30 09:58:41.195127,1023.0,0.0,0.0,0.0,0.0,0.0
2018-05-30 09:58:41.399188,1023.0,0.0,0.0,0.0,0.0,0.0
2018-05-30 09:58:41.600248,1023.0,0.0,0.0,0.0,0.0,0.0
2018-05-30 09:58:41.802309,1023.0,0.0,0.0,0.0,0.0,0.0
2018-05-30 09:58:42.003369,1023.0,0.0,0.0,0.0,0.0,0.0
2018-05-30 09:58:42.204430,1023.0,0.0,0.0,0.0,0.0,0.0
2018-05-30 09:58:42.406490,1023.0,0.0,0.0,0.0,0.0,0.0
2018-05-30 09:58:42.607550,1023.0,0.0,0.0,0.0,0.0,0.0
2018-05-30 09:58:42.810611,1023.0,0.0,0.0,0.0,0.0,0.0
2018-05-30 09:58:43.011672,1023.0,0.0,0.0,0.0,0.0,0.0
2018-05-30 09:58:43.212732,1023.0,0.0,0.0,0.0,0.0,0.0
2018-05-30 09:58:43.419794,1023.0,0.0,0.0,0.0,0.0,0.0
2018-05-30 09:58:43.620854,1023.0,0.0,0.0,0.0,0.0,0.0
2018-05-30 09:58:43.822915,1023.0,0.0,0.0,0.0,0.0,0.0
2018-05-30 09:58:44.023975,1023.0,0.0,0.0,0.0,0.0,0.0
2018-05-30 09:58:44.225036,1023.0,0.0,0.0,0.0,0.0,0.0
2018-05-30 09:58:44.427096,1023.0,0.0,0.0,0.0,0.0,0.0
2018-05-30 09:58:44.628156,1023.0,0.0,0.0,0.0,0.0,0.0
2018-05-30 09:58:44.830217,1023.0,0.0,0.0,0.0,0.0,0.0
2018-05-30 09:58:45.032278,1023.0,0.0,0.0,0.0,0.0,0.0
2018-05-30 09:58:45.233338,1023.0,0.0,0.0,0.0,0.0,0.0
2018-05-30 09:58:45.435399,1023.0,0.0,0.0,0.0,0.0,0.0
2018-05-30 09:58:45.636459,1023.0,0.0,0.0,0.0,0.0,0.0
2018-05-30 09:58:45.838519,1023.0,0.0,0.0,0.0,0.0,0.0
2018-05-30 09:58:46.040580,1023.0,0.0,0.0,0.0,0.0,0.0
2018-05-30 09:58:46.241640,1023.0,0.0,0.0,0.0,0.0,0.0
2018-05-30 09:58:46.459706,1023.0,0.0,0.0,0.0,0.0,0.0
2018-05-30 09:58:46.660766,1023.0,0.0,0.0,0.0,0.0,0.0
2018-05-30 09:58:46.863827,1023.0,0.0,0.0,0.0,0.0,0.0
2018-05-30 09:58:47.064887,1023.0,0.0,0.0,0.0,0.0,0.0
2018-05-30 09:58:47.265948,1023.0,0.0,0.0,0.0,0.0,0.0
2018-05-30 09:58:47.468008,1023.0,0.0,0.0,0.0,0.0,0.0
2018-05-30 09:58:47.671069,1023.0,0.0,0.0,0.0,0.0,0.0
2018-05-30 09:58:47.875130,1023.0,0.0,0.0,0.0,0.0,0.0
2018-05-30 09:58:48.076191,1023.0,0.0,0.0,0.0,0.0,0.0
2018-05-30 09:58:48.277251,1023.0,0.0,0.0,0.0,0.0,0.0
2018-05-30 09:58:48.479311,1023.0,0.0,0.0,0.0,0.0,0.0
2018-05-30 09:58:48.680372,1023.0,0.0,0.0,0.0,0.0,0.0
2018-05-30 09:58:48.882432,1023.0,0.0,0.0,0.0,0.0,0.0
2018-05-30 09:58:49.083493,1023.0,0.0,0.0,0.0,0.0,0.0
2018-05-30 09:58:49.284553,1023.0,0.0,0.0,0.0,0.0,0.0
2018-05-30 09:58:49.487614,1023.0,0.0,0.0,0.0,0.0,0.0
2018-05-30 09:58:49.688674,1023.0,0.0,0.0,0.0,0.0,0.0
2018-05-30 09:58:49.891735,1023.0,0.0,0.0,0.0,0.0,0.0
2018-05-30 09:58:50.092795,1023.0,0.0,0.0,0.0,0.0,0.0
2018-05-30 09:58:50.293856,1023.0,0.0,0.0,0.0,0.0,0.0
2018-05-30 09:58:50.496917,1023.0,0.0,0.0,0.0,0.0,0.0
2018-05-30 09:58:50.697977,1023.0,0.0,0.0,0.0,0.0,0.0
2018-05-30 09:58:50.900037,1023.0,0.0,0.0,0.0,0.0,0.0
2018-05-30 09:58:51.101098,1023.0,0.0,0.0,0.0,0.0,0.0
2018-05-30 09:58:51.302158,1023.0,0.0,0.0,0.0,0.0,0.0
2018-05-30 09:58:51.504219,1023.0,0.0,0.0,0.0,0.0,0.0
2018-05-30 09:58:51.705279,1023.0,0.0,0.0,0.0,0.0,0.0
2018-05-30 09:58:51.908340,1023.0,0.0,0.0,0.0,0.0,0.0
2018-05-30 09:58:52.109400,1023.0,0.0,0.0,0.0,0.0,0.0
2018-05-30 09:58:52.310460,1023.0,0.0,0.0,0.0,0.0,0.0
2018-05-30 09:58:52.512521,1023.0,0.0,0.0,0.0,0.0,0.0
2018-05-30 09:58:52.714582,1023.0,0.0,0.0,0.0,0.0,0.0
2018-05-30 09:58:52.915642,1023.0,0.0,0.0,0.0,0.0,0.0
2018-05-30 09:58:53.118703,1023.0,0.0,0.0,0.0,0.0,0.0
2018-05-30 09:58:53.319763,1023.0,0.0,0.0,0.0,0.0,0.0
2018-05-30 09:58:53.522824,1023.0,0.0,0.0,0.0,0.0,0.0
2018-05-30 09:58:53.723884,1023.0,0.0,0.0,0.0,0.0,0.0
2018-05-30 09:58:53.925945,1023.0,0.0,0.0,0.0,0.0,0.0
2018-05-30 09:58:54.127005,1023.0,0.0,0.0,0.0,0.0,0.0
2018-05-30 09:58:54.336068,1023.0,0.0,0.0,0.0,0.0,0.0
2018-05-30 09:58:54.540129,1023.0,0.0,0.0,0.0,0.0,0.0
2018-05-30 09:58:54.742190,1023.0,0.0,0.0,0.0,0.0,0.0
2018-05-30 09:58:54.966257,1023.0,0.0,0.0,0.0,0.0,0.0
2018-05-30 09:58:55.173319,1023.0,0.0,0.0,0.0,0.0,0.0
2018-05-30 09:58:55.373379,1023.0,0.0,0.0,0.0,0.0,0.0
2018-05-30 09:58:55.575440,1023.0,0.0,0.0,0.0,0.0,0.0
2018-05-30 09:58:55.776500,1023.0,0.0,0.0,0.0,0.0,0.0
2018-05-30 09:58:55.979561,1023.0,0.0,0.0,0.0,0.0,0.0
2018-05-30 09:58:56.180621,1023.0,0.0,0.0,0.0,0.0,0.0
2018-05-30 09:58:56.397686,1023.0,0.0,0.0,0.0,0.0,0.0
2018-05-30 09:58:56.599747,1023.0,0.0,0.0,0.0,0.0,0.0
2018-05-30 09:58:56.800807,1023.0,0.0,0.0,0.0,0.0,0.0
2018-05-30 09:58:57.002868,1023.0,0.0,0.0,0.0,0.0,0.0
2018-05-30 09:58:57.203928,1023.0,0.0,0.0,0.0,0.0,0.0
2018-05-30 09:58:57.404988,1023.0,0.0,0.0,0.0,0.0,0.0
2018-05-30 09:58:57.609050,1023.0,0.0,0.0,0.0,0.0,0.0
2018-05-30 09:58:57.810110,1023.0,0.0,0.0,0.0,0.0,0.0
2018-05-30 09:58:58.013171,1023.0,0.0,0.0,0.0,0.0,0.0
2018-05-30 09:58:58.214231,1023.0,0.0,0.0,0.0,0.0,0.0
2018-05-30 09:58:58.415291,1023.0,0.0,0.0,0.0,0.0,0.0
2018-05-30 09:58:58.619353,1023.0,0.0,0.0,0.0,0.0,0.0
2018-05-30 09:58:58.820413,1023.0,0.0,0.0,0.0,0.0,0.0
2018-05-30 09:58:59.022473,1023.0,0.0,0.0,0.0,0.0,0.0
2018-05-30 09:58:59.223534,1023.0,0.0,0.0,0.0,0.0,0.0
2018-05-30 09:58:59.424594,1023.0,0.0,0.0,0.0,0.0,0.0
2018-05-30 09:58:59.626655,1023.0,0.0,0.0,0.0,0.0,0.0
2018-05-30 09:58:59.827715,1023.0,0.0,0.0,0.0,0.0,0.0
2018-05-30 09:59:00.029776,1023.0,0.0,0.0,0.0,0.0,0.0
2018-05-30 09:59:00.231836,1023.0,0.0,0.0,0.0,0.0,0.0
2018-05-30 09:59:00.433897,1023.0,0.0,0.0,0.0,0.0,0.0
2018-05-30 09:59:00.635957,1023.0,0.0,0.0,0.0,0.0,0.0
2018-05-30 09:59:00.837018,1023.0,0.0,0.0,0.0,0.0,0.0
2018-05-30 09:59:01.039078,1023.0,0.0,0.0,0.0,0.0,0.0
2018-05-30 09:59:01.240139,1023.0,0.0,0.0,0.0,0.0,0.0
2018-05-30 09:59:01.441199,1023.0,0.0,0.0,0.0,0.0,0.0
2018-05-30 09:59:01.644260,1023.0,0.0,0.0,0.0,0.0,0.0
2018-05-30 09:59:01.845320,1023.0,0.0,0.0,0.0,0.0,0.0
2018-05-30 09:59:02.049381,1023.0,0.0,0.0,0.0,0.0,0.0
2018-05-30 09:59:02.250442,1023.0,0.0,0.0,0.0,0.0,0.0
2018-05-30 09:59:02.451502,1023.0,0.0,0.0,0.0,0.0,0.0
2018-05-30 09:59:02.654563,1023.0,0.0,0.0,0.0,0.0,0.0
2018-05-30 09:59:02.855623,1023.0,0.0,0.0,0.0,0.0,0.0
2018-05-30 09:59:03.059684,1023.0,0.0,0.0,0.0,0.0,0.0
2018-05-30 09:59:03.260745,1023.0,0.0,0.0,0.0,0.0,0.0
2018-05-30 09:59:03.461805,1023.0,0.0,0.0,0.0,0.0,0.0
2018-05-30 09:59:03.664866,1023.0,0.0,0.0,0.0,0.0,0.0
2018-05-30 09:59:03.865926,1023.0,0.0,0.0,0.0,0.0,0.0
2018-05-30 09:59:04.067987,1023.0,0.0,0.0,0.0,0.0,0.0
2018-05-30 09:59:04.269047,1023.0,0.0,0.0,0.0,0.0,0.0
2018-05-30 09:59:04.470107,1023.0,0.0,0.0,0.0,0.0,0.0
2018-05-30 09:59:04.709179,1023.0,0.0,0.0,0.0,0.0,0.0
2018-05-30 09:59:04.910239,1023.0,0.0,0.0,0.0,0.0,0.0
2018-05-30 09:59:05.114300,1023.0,0.0,0.0,0.0,0.0,0.0
2018-05-30 09:59:05.315361,1023.0,0.0,0.0,0.0,0.0,0.0
2018-05-30 09:59:05.516421,1023.0,0.0,0.0,0.0,0.0,0.0
2018-05-30 09:59:05.718482,1023.0,0.0,0.0,0.0,0.0,0.0
2018-05-30 09:59:05.920542,1023.0,0.0,0.0,0.0,0.0,0.0
2018-05-30 09:59:06.122603,1023.0,0.0,0.0,0.0,0.0,0.0
2018-05-30 09:59:06.339668,1023.0,0.0,0.0,0.0,0.0,0.0
2018-05-30 09:59:06.540728,1023.0,0.0,0.0,0.0,0.0,0.0
2018-05-30 09:59:06.742789,1023.0,0.0,0.0,0.0,0.0,0.0
2018-05-30 09:59:06.943849,1023.0,0.0,0.0,0.0,0.0,0.0
2018-05-30 09:59:07.147910,1023.0,0.0,0.0,0.0,0.0,0.0
2018-05-30 09:59:07.348971,1023.0,0.0,0.0,0.0,0.0,0.0
2018-05-30 09:59:07.551031,1023.0,0.0,0.0,0.0,0.0,0.0
2018-05-30 09:59:07.753092,1023.0,0.0,0.0,0.0,0.0,0.0
2018-05-30 09:59:07.954152,1023.0,0.0,0.0,0.0,0.0,0.0
2018-05-30 09:59:08.156213,1023.0,0.0,0.0,0.0,0.0,0.0
2018-05-30 09:59:08.357273,1023.0,0.0,0.0,0.0,0.0,0.0
2018-05-30 09:59:08.560334,1023.0,0.0,0.0,0.0,0.0,0.0
2018-05-30 09:59:08.763395,1023.0,0.0,0.0,0.0,0.0,0.0
2018-05-30 09:59:08.967456,1023.0,0.0,0.0,0.0,0.0,0.0
2018-05-30 09:59:09.170517,1023.0,0.0,0.0,0.0,0.0,0.0
2018-05-30 09:59:09.373578,1023.0,0.0,0.0,0.0,0.0,0.0
2018-05-30 09:59:09.573638,1023.0,0.0,0.0,0.0,0.0,0.0
2018-05-30 09:59:09.775698,1023.0,0.0,0.0,0.0,0.0,0.0
2018-05-30 09:59:09.976759,1023.0,0.0,0.0,0.0,0.0,0.0
2018-05-30 09:59:10.180820,1023.0,0.0,0.0,0.0,0.0,0.0
2018-05-30 09:59:10.382881,1023.0,0.0,0.0,0.0,0.0,0.0
2018-05-30 09:59:10.583941,1023.0,0.0,0.0,0.0,0.0,0.0
2018-05-30 09:59:10.786001,1023.0,0.0,0.0,0.0,0.0,0.0
2018-05-30 09:59:10.987062,1023.0,0.0,0.0,0.0,0.0,0.0
2018-05-30 09:59:11.189122,1023.0,0.0,0.0,0.0,0.0,0.0
2018-05-30 09:59:11.390183,1023.0,0.0,0.0,0.0,0.0,0.0
2018-05-30 09:59:11.591243,1023.0,0.0,0.0,0.0,0.0,0.0
2018-05-30 09:59:11.794304,1023.0,0.0,0.0,0.0,0.0,0.0
2018-05-30 09:59:11.995364,1023.0,0.0,0.0,0.0,0.0,0.0
2018-05-30 09:59:12.198425,1023.0,0.0,0.0,0.0,0.0,0.0
2018-05-30 09:59:12.399485,1023.0,0.0,0.0,0.0,0.0,0.0
2018-05-30 09:59:12.600546,1023.0,0.0,0.0,0.0,0.0,0.0
2018-05-30 09:59:12.802606,1023.0,0.0,0.0,0.0,0.0,0.0
2018-05-30 09:59:13.003667,1023.0,0.0,0.0,0.0,0.0,0.0
2018-05-30 09:59:13.207728,1023.0,0.0,0.0,0.0,0.0,0.0
2018-05-30 09:59:13.408788,1023.0,0.0,0.0,0.0,0.0,0.0
2018-05-30 09:59:13.609848,1023.0,0.0,0.0,0.0,0.0,0.0
2018-05-30 09:59:13.811909,1023.0,0.0,0.0,0.0,0.0,0.0
2018-05-30 09:59:14.012969,1023.0,0.0,0.0,0.0,0.0,0.0
2018-05-30 09:59:14.217030,1023.0,0.0,0.0,0.0,0.0,0.0
2018-05-30 09:59:14.418091,1023.0,0.0,0.0,0.0,0.0,0.0
2018-05-30 09:59:14.619151,1023.0,0.0,0.0,0.0,0.0,0.0
2018-05-30 09:59:14.822212,1023.0,0.0,0.0,0.0,0.0,0.0
2018-05-30 09:59:15.024273,1023.0,0.0,0.0,0.0,0.0,0.0
2018-05-30 09:59:15.227333,1023.0,0.0,0.0,0.0,0.0,0.0
2018-05-30 09:59:15.428394,1023.0,0.0,0.0,0.0,0.0,0.0
2018-05-30 09:59:15.629454,1023.0,0.0,0.0,0.0,0.0,0.0
2018-05-30 09:59:15.831515,1023.0,0.0,0.0,0.0,0.0,0.0
2018-05-30 09:59:16.032575,1023.0,0.0,0.0,0.0,0.0,0.0
2018-05-30 09:59:16.234636,1023.0,0.0,0.0,0.0,0.0,0.0
2018-05-30 09:59:16.448700,1023.0,0.0,0.0,0.0,0.0,0.0
2018-05-30 09:59:16.649760,1023.0,0.0,0.0,0.0,0.0,0.0
2018-05-30 09:59:16.852821,1023.0,0.0,0.0,0.0,0.0,0.0
2018-05-30 09:59:17.053881,1023.0,0.0,0.0,0.0,0.0,0.0
2018-05-30 09:59:17.258943,1023.0,0.0,0.0,0.0,0.0,0.0
2018-05-30 09:59:17.460003,1023.0,0.0,0.0,0.0,0.0,0.0
2018-05-30 09:59:17.661063,1023.0,0.0,0.0,0.0,0.0,0.0
2018-05-30 09:59:17.863124,1023.0,0.0,0.0,0.0,0.0,0.0
2018-05-30 09:59:18.064184,1023.0,0.0,0.0,0.0,0.0,0.0
2018-05-30 09:59:18.267245,1023.0,0.0,0.0,0.0,0.0,0.0
2018-05-30 09:59:18.469306,1023.0,0.0,0.0,0.0,0.0,0.0
2018-05-30 09:59:18.669366,1023.0,0.0,0.0,0.0,0.0,0.0
2018-05-30 09:59:18.873427,1023.0,0.0,0.0,0.0,0.0,0.0
2018-05-30 09:59:19.073487,1023.0,0.0,0.0,0.0,0.0,0.0
2018-05-30 09:59:19.276548,1023.0,0.0,0.0,0.0,0.0,0.0
2018-05-30 09:59:19.477608,1023.0,0.0,0.0,0.0,0.0,0.0
2018-05-30 09:59:19.679669,1023.0,0.0,0.0,0.0,0.0,0.0
2018-05-30 09:59:19.881729,1023.0,0.0,0.0,0.0,0.0,0.0
2018-05-30 09:59:20.082790,1023.0,0.0,0.0,0.0,0.0,0.0
2018-05-30 09:59:20.283850,1023.0,0.0,0.0,0.0,0.0,0.0
2018-05-30 09:59:20.485911,1023.0,0.0,0.0,0.0,0.0,0.0
2018-05-30 09:59:20.687971,1023.0,0.0,0.0,0.0,0.0,0.0
2018-05-30 09:59:20.890032,1023.0,0.0,0.0,0.0,0.0,0.0
2018-05-30 09:59:21.091092,1023.0,0.0,0.0,0.0,0.0,0.0
2018-05-30 09:59:21.292152,1023.0,0.0,0.0,0.0,0.0,0.0
2018-05-30 09:59:21.494213,1023.0,0.0,0.0,0.0,0.0,0.0
2018-05-30 09:59:21.702275,1023.0,0.0,0.0,0.0,0.0,0.0
2018-05-30 09:59:21.903336,1023.0,0.0,0.0,0.0,0.0,0.0
2018-05-30 09:59:22.104396,1023.0,0.0,0.0,0.0,0.0,0.0
2018-05-30 09:59:22.305456,1023.0,0.0,0.0,0.0,0.0,0.0
2018-05-30 09:59:22.508517,1023.0,0.0,0.0,0.0,0.0,0.0
2018-05-30 09:59:22.710578,1023.0,0.0,0.0,0.0,0.0,0.0
2018-05-30 09:59:22.912638,1023.0,0.0,0.0,0.0,0.0,0.0
2018-05-30 09:59:23.113699,1023.0,0.0,0.0,0.0,0.0,0.0
2018-05-30 09:59:23.314759,1023.0,0.0,0.0,0.0,0.0,0.0
2018-05-30 09:59:23.517820,1023.0,0.0,0.0,0.0,0.0,0.0
2018-05-30 09:59:23.718880,1023.0,0.0,0.0,0.0,0.0,0.0
2018-05-30 09:59:23.921941,1023.0,0.0,0.0,0.0,0.0,0.0
2018-05-30 09:59:24.123001,1023.0,0.0,0.0,0.0,0.0,0.0
2018-05-30 09:59:24.325062,1023.0,0.0,0.0,0.0,0.0,0.0
2018-05-30 09:59:24.528123,1023.0,0.0,0.0,0.0,0.0,0.0
2018-05-30 09:59:24.729183,1023.0,0.0,0.0,0.0,0.0,0.0
2018-05-30 09:59:24.931244,1023.0,0.0,0.0,0.0,0.0,0.0
2018-05-30 09:59:25.132304,1023.0,0.0,0.0,0.0,0.0,0.0
2018-05-30 09:59:25.334365,1023.0,0.0,0.0,0.0,0.0,0.0
2018-05-30 09:59:25.536425,1023.0,0.0,0.0,0.0,0.0,0.0
2018-05-30 09:59:25.736485,1023.0,0.0,0.0,0.0,0.0,0.0
2018-05-30 09:59:25.940546,1023.0,0.0,0.0,0.0,0.0,0.0
2018-05-30 09:59:26.141607,1023.0,0.0,0.0,0.0,0.0,0.0
2018-05-30 09:59:26.356671,1023.0,0.0,0.0,0.0,0.0,0.0
2018-05-30 09:59:26.557732,1023.0,0.0,0.0,0.0,0.0,0.0
2018-05-30 09:59:26.758792,1023.0,0.0,0.0,0.0,0.0,0.0
2018-05-30 09:59:26.960852,1023.0,0.0,0.0,0.0,0.0,0.0
2018-05-30 09:59:27.161913,1023.0,0.0,0.0,0.0,0.0,0.0
2018-05-30 09:59:27.363973,1023.0,0.0,0.0,0.0,0.0,0.0
2018-05-30 09:59:27.566034,1023.0,0.0,0.0,0.0,0.0,0.0
2018-05-30 09:59:27.767094,1023.0,0.0,0.0,0.0,0.0,0.0
2018-05-30 09:59:27.969155,1023.0,0.0,0.0,0.0,0.0,0.0
2018-05-30 09:59:28.170215,1023.0,0.0,0.0,0.0,0.0,0.0
2018-05-30 09:59:28.371275,1023.0,0.0,0.0,0.0,0.0,0.0
2018-05-30 09:59:28.574336,1023.0,0.0,0.0,0.0,0.0,0.0
2018-05-30 09:59:28.775397,1023.0,0.0,0.0,0.0,0.0,0.0
2018-05-30 09:59:28.977457,1023.0,0.0,0.0,0.0,0.0,0.0
2018-05-30 09:59:29.178518,1023.0,0.0,0.0,0.0,0.0,0.0
2018-05-30 09:59:29.380578,1023.0,0.0,0.0,0.0,0.0,0.0
2018-05-30 09:59:29.583639,1023.0,0.0,0.0,0.0,0.0,0.0
2018-05-30 09:59:29.784699,1023.0,0.0,0.0,0.0,0.0,0.0
2018-05-30 09:59:29.986760,1023.0,0.0,0.0,0.0,0.0,0.0
2018-05-30 09:59:30.191821,1023.0,0.0,0.0,0.0,0.0,0.0
2018-05-30 09:59:30.392882,1023.0,0.0,0.0,0.0,0.0,0.0
2018-05-30 09:59:30.594942,1023.0,0.0,0.0,0.0,0.0,0.0
2018-05-30 09:59:30.797003,1023.0,0.0,0.0,0.0,0.0,0.0
2018-05-30 09:59:30.999064,1023.0,0.0,0.0,0.0,0.0,0.0
2018-05-30 09:59:31.200124,1023.0,0.0,0.0,0.0,0.0,0.0
2018-05-30 09:59:31.401184,1023.0,0.0,0.0,0.0,0.0,0.0
2018-05-30 09:59:31.603245,1023.0,0.0,0.0,0.0,0.0,0.0
2018-05-30 09:59:31.804305,1023.0,0.0,0.0,0.0,0.0,0.0
2018-05-30 09:59:32.006366,1023.0,0.0,0.0,0.0,0.0,0.0
2018-05-30 09:59:32.207426,1023.0,0.0,0.0,0.0,0.0,0.0
2018-05-30 09:59:32.409487,1023.0,0.0,0.0,0.0,0.0,0.0
2018-05-30 09:59:32.612547,1023.0,0.0,0.0,0.0,0.0,0.0
2018-05-30 09:59:32.813608,1023.0,0.0,0.0,0.0,0.0,0.0
2018-05-30 09:59:33.015668,1023.0,0.0,0.0,0.0,0.0,0.0
2018-05-30 09:59:33.216729,1023.0,0.0,0.0,0.0,0.0,0.0
2018-05-30 09:59:33.417789,1023.0,0.0,0.0,0.0,0.0,0.0
2018-05-30 09:59:33.619850,1023.0,0.0,0.0,0.0,0.0,0.0
2018-05-30 09:59:33.820910,1023.0,0.0,0.0,0.0,0.0,0.0
2018-05-30 09:59:34.023971,1023.0,0.0,0.0,0.0,0.0,0.0
2018-05-30 09:59:34.225031,1023.0,0.0,0.0,0.0,0.0,0.0
2018-05-30 09:59:34.429092,1023.0,0.0,0.0,0.0,0.0,0.0
2018-05-30 09:59:34.631153,1023.0,0.0,0.0,0.0,0.0,0.0
2018-05-30 09:59:34.833213,1023.0,0.0,0.0,0.0,0.0,0.0
2018-05-30 09:59:35.035274,1023.0,0.0,0.0,0.0,0.0,0.0
2018-05-30 09:59:35.236334,1023.0,0.0,0.0,0.0,0.0,0.0
2018-05-30 09:59:35.437395,1023.0,0.0,0.0,0.0,0.0,0.0
2018-05-30 09:59:35.639455,1023.0,0.0,0.0,0.0,0.0,0.0
2018-05-30 09:59:35.840516,1023.0,0.0,0.0,0.0,0.0,0.0
2018-05-30 09:59:36.044577,1023.0,0.0,0.0,0.0,0.0,0.0
2018-05-30 09:59:36.245637,1023.0,0.0,0.0,0.0,0.0,0.0
2018-05-30 09:59:36.455700,1023.0,0.0,0.0,0.0,0.0,0.0
2018-05-30 09:59:36.657761,1023.0,0.0,0.0,0.0,0.0,0.0
2018-05-30 09:59:36.858821,1023.0,0.0,0.0,0.0,0.0,0.0
2018-05-30 09:59:37.061882,1023.0,0.0,0.0,0.0,0.0,0.0
2018-05-30 09:59:37.262942,1023.0,0.0,0.0,0.0,0.0,0.0
2018-05-30 09:59:37.464002,1023.0,0.0,0.0,0.0,0.0,0.0
2018-05-30 09:59:37.668064,1023.0,0.0,0.0,0.0,0.0,0.0
2018-05-30 09:59:37.869124,1023.0,0.0,0.0,0.0,0.0,0.0
2018-05-30 09:59:38.073185,1023.0,0.0,0.0,0.0,0.0,0.0
2018-05-30 09:59:38.274245,1023.0,0.0,0.0,0.0,0.0,0.0
2018-05-30 09:59:38.475306,1023.0,0.0,0.0,0.0,0.0,0.0
2018-05-30 09:59:38.678367,1023.0,0.0,0.0,0.0,0.0,0.0
2018-05-30 09:59:38.879427,1023.0,0.0,0.0,0.0,0.0,0.0
2018-05-30 09:59:39.081488,1023.0,0.0,0.0,0.0,0.0,0.0
2018-05-30 09:59:39.282548,1023.0,0.0,0.0,0.0,0.0,0.0
2018-05-30 09:59:39.483608,1023.0,0.0,0.0,0.0,0.0,0.0
2018-05-30 09:59:39.686669,1023.0,0.0,0.0,0.0,0.0,0.0
2018-05-30 09:59:39.887729,1023.0,0.0,0.0,0.0,0.0,0.0
2018-05-30 09:59:40.090790,1023.0,0.0,0.0,0.0,0.0,0.0
2018-05-30 09:59:40.291851,1023.0,0.0,0.0,0.0,0.0,0.0
2018-05-30 09:59:40.492911,1023.0,0.0,0.0,0.0,0.0,0.0
2018-05-30 09:59:40.694971,1023.0,0.0,0.0,0.0,0.0,0.0
2018-05-30 09:59:40.897032,1023.0,0.0,0.0,0.0,0.0,0.0
2018-05-30 09:59:41.100093,1023.0,0.0,0.0,0.0,0.0,0.0
2018-05-30 09:59:41.301153,1023.0,0.0,0.0,0.0,0.0,0.0
2018-05-30 09:59:41.502214,1023.0,0.0,0.0,0.0,0.0,0.0
2018-05-30 09:59:41.705274,1023.0,0.0,0.0,0.0,0.0,0.0
2018-05-30 09:59:41.906335,1023.0,0.0,0.0,0.0,0.0,0.0
2018-05-30 09:59:42.107395,1023.0,0.0,0.0,0.0,0.0,0.0
2018-05-30 09:59:42.309456,1023.0,0.0,0.0,0.0,0.0,0.0
2018-05-30 09:59:42.509516,1023.0,0.0,0.0,0.0,0.0,0.0
2018-05-30 09:59:42.711576,1023.0,0.0,0.0,0.0,0.0,0.0
2018-05-30 09:59:42.913637,1023.0,0.0,0.0,0.0,0.0,0.0
2018-05-30 09:59:43.114697,1023.0,0.0,0.0,0.0,0.0,0.0
2018-05-30 09:59:43.317758,1023.0,0.0,0.0,0.0,0.0,0.0
2018-05-30 09:59:43.517818,1023.0,0.0,0.0,0.0,0.0,0.0
2018-05-30 09:59:43.719879,1023.0,0.0,0.0,0.0,0.0,0.0
2018-05-30 09:59:43.920939,1023.0,0.0,0.0,0.0,0.0,0.0
2018-05-30 09:59:44.121999,1023.0,0.0,0.0,0.0,0.0,0.0
2018-05-30 09:59:44.324060,1023.0,0.0,0.0,0.0,0.0,0.0
2018-05-30 09:59:44.525120,1023.0,0.0,0.0,0.0,0.0,0.0
2018-05-30 09:59:44.727181,1023.0,0.0,0.0,0.0,0.0,0.0
2018-05-30 09:59:44.928241,1023.0,0.0,0.0,0.0,0.0,0.0
2018-05-30 09:59:45.129301,1023.0,0.0,0.0,0.0,0.0,0.0
2018-05-30 09:59:45.332362,1023.0,0.0,0.0,0.0,0.0,0.0
2018-05-30 09:59:45.533423,1023.0,0.0,0.0,0.0,0.0,0.0
2018-05-30 09:59:45.740485,1023.0,0.0,0.0,0.0,0.0,0.0
2018-05-30 09:59:45.955549,1023.0,0.0,0.0,0.0,0.0,0.0
2018-05-30 09:59:46.163612,1023.0,0.0,0.0,0.0,0.0,0.0
2018-05-30 09:59:46.377676,1023.0,0.0,0.0,0.0,0.0,0.0
2018-05-30 09:59:46.578736,1023.0,0.0,0.0,0.0,0.0,0.0
2018-05-30 09:59:46.781797,1023.0,0.0,0.0,0.0,0.0,0.0
2018-05-30 09:59:46.982857,1023.0,0.0,0.0,0.0,0.0,0.0
2018-05-30 09:59:47.186918,1023.0,0.0,0.0,0.0,0.0,0.0
2018-05-30 09:59:47.387979,1023.0,0.0,0.0,0.0,0.0,0.0
2018-05-30 09:59:47.589039,1023.0,0.0,0.0,0.0,0.0,0.0
2018-05-30 09:59:47.792100,1023.0,0.0,0.0,0.0,0.0,0.0
2018-05-30 09:59:47.993160,1023.0,0.0,0.0,0.0,0.0,0.0
2018-05-30 09:59:48.195221,1023.0,0.0,0.0,0.0,0.0,0.0
2018-05-30 09:59:48.396281,1023.0,0.0,0.0,0.0,0.0,0.0
2018-05-30 09:59:48.598342,1023.0,0.0,0.0,0.0,0.0,0.0
2018-05-30 09:59:48.802403,1023.0,0.0,0.0,0.0,0.0,0.0
2018-05-30 09:59:49.003463,1023.0,0.0,0.0,0.0,0.0,0.0
2018-05-30 09:59:49.210525,1023.0,0.0,0.0,0.0,0.0,0.0
2018-05-30 09:59:49.412586,1023.0,0.0,0.0,0.0,0.0,0.0
2018-05-30 09:59:49.613646,1023.0,0.0,0.0,0.0,0.0,0.0
2018-05-30 09:59:49.815707,1023.0,0.0,0.0,0.0,0.0,0.0
2018-05-30 09:59:50.016767,1023.0,0.0,0.0,0.0,0.0,0.0
2018-05-30 09:59:50.218828,1023.0,0.0,0.0,0.0,0.0,0.0
2018-05-30 09:59:50.419888,1023.0,0.0,0.0,0.0,0.0,0.0
2018-05-30 09:59:50.620948,1023.0,0.0,0.0,0.0,0.0,0.0
2018-05-30 09:59:50.823009,1023.0,0.0,0.0,0.0,0.0,0.0
2018-05-30 09:59:51.025070,1023.0,0.0,0.0,0.0,0.0,0.0
2018-05-30 09:59:51.393180,1023.0,0.0,0.0,0.0,0.0,0.0
2018-05-30 09:59:51.596241,1023.0,0.0,0.0,0.0,0.0,0.0
2018-05-30 09:59:51.798301,1023.0,0.0,0.0,0.0,0.0,0.0
2018-05-30 09:59:51.999362,1023.0,0.0,0.0,0.0,0.0,0.0
2018-05-30 09:59:52.201422,1023.0,0.0,0.0,0.0,0.0,0.0
2018-05-30 09:59:52.403483,1023.0,0.0,0.0,0.0,0.0,0.0
2018-05-30 09:59:52.604543,1023.0,0.0,0.0,0.0,0.0,0.0
2018-05-30 09:59:52.806604,1023.0,0.0,0.0,0.0,0.0,0.0
2018-05-30 09:59:53.008664,1023.0,0.0,0.0,0.0,0.0,0.0
2018-05-30 09:59:53.208724,1023.0,0.0,0.0,0.0,0.0,0.0
2018-05-30 09:59:53.410785,1023.0,0.0,0.0,0.0,0.0,0.0
2018-05-30 09:59:53.612846,1023.0,0.0,0.0,0.0,0.0,0.0
2018-05-30 09:59:53.814906,1023.0,0.0,0.0,0.0,0.0,0.0
2018-05-30 09:59:54.015967,1023.0,0.0,0.0,0.0,0.0,0.0
2018-05-30 09:59:54.218027,1023.0,0.0,0.0,0.0,0.0,0.0
2018-05-30 09:59:54.420088,1023.0,0.0,0.0,0.0,0.0,0.0
2018-05-30 09:59:54.621148,1023.0,0.0,0.0,0.0,0.0,0.0
2018-05-30 09:59:54.823209,1023.0,0.0,0.0,0.0,0.0,0.0
2018-05-30 09:59:55.024269,1023.0,0.0,0.0,0.0,0.0,0.0
2018-05-30 09:59:55.225329,1023.0,0.0,0.0,0.0,0.0,0.0
2018-05-30 09:59:55.427390,1023.0,0.0,0.0,0.0,0.0,0.0
2018-05-30 09:59:55.628450,1023.0,0.0,0.0,0.0,0.0,0.0
2018-05-30 09:59:55.830511,1023.0,0.0,0.0,0.0,0.0,0.0
2018-05-30 09:59:56.031571,1023.0,0.0,0.0,0.0,0.0,0.0
2018-05-30 09:59:56.232631,1023.0,0.0,0.0,0.0,0.0,0.0
2018-05-30 09:59:56.435692,1023.0,0.0,0.0,0.0,0.0,0.0
2018-05-30 09:59:56.636753,1023.0,0.0,0.0,0.0,0.0,0.0
2018-05-30 09:59:56.838813,1023.0,0.0,0.0,0.0,0.0,0.0
2018-05-30 09:59:57.039873,1023.0,0.0,0.0,0.0,0.0,0.0
2018-05-30 09:59:57.240934,1023.0,0.0,0.0,0.0,0.0,0.0
2018-05-30 09:59:57.442994,1023.0,0.0,0.0,0.0,0.0,0.0
2018-05-30 09:59:57.644055,1023.0,0.0,0.0,0.0,0.0,0.0
2018-05-30 09:59:57.847116,1023.0,0.0,0.0,0.0,0.0,0.0
2018-05-30 09:59:58.050176,1023.0,0.0,0.0,0.0,0.0,0.0
2018-05-30 09:59:58.251237,1023.0,0.0,0.0,0.0,0.0,0.0
2018-05-30 09:59:58.453297,1023.0,0.0,0.0,0.0,0.0,0.0
2018-05-30 09:59:58.654358,1023.0,0.0,0.0,0.0,0.0,0.0
2018-05-30 09:59:58.857419,1023.0,0.0,0.0,0.0,0.0,0.0
2018-05-30 09:59:59.058479,1023.0,0.0,0.0,0.0,0.0,0.0
2018-05-30 09:59:59.259539,1023.0,0.0,0.0,0.0,0.0,0.0
2018-05-30 09:59:59.462600,1023.0,0.0,0.0,0.0,0.0,0.0
2018-05-30 09:59:59.662660,1023.0,0.0,0.0,0.0,0.0,0.0
2018-05-30 09:59:59.864721,1023.0,0.0,0.0,0.0,0.0,0.0
2018-05-30 10:00:00.065781,1023.0,0.0,0.0,0.0,0.0,0.0
2018-05-30 10:00:00.266841,1023.0,0.0,0.0,0.0,0.0,0.0
2018-05-30 10:00:00.468902,1023.0,0.0,0.0,0.0,0.0,0.0
2018-05-30 10:00:00.669962,1023.0,0.0,0.0,0.0,0.0,0.0
2018-05-30 10:00:00.872023,1023.0,0.0,0.0,0.0,0.0,0.0
2018-05-30 10:00:01.073083,1023.0,0.0,0.0,0.0,0.0,0.0
2018-05-30 10:00:01.281145,1023.0,0.0,0.0,0.0,0.0,0.0
2018-05-30 10:00:01.483206,1023.0,0.0,0.0,0.0,0.0,0.0
2018-05-30 10:00:01.684266,1023.0,0.0,0.0,0.0,0.0,0.0
2018-05-30 10:00:01.886327,1023.0,0.0,0.0,0.0,0.0,0.0
2018-05-30 10:00:02.087387,1023.0,0.0,0.0,0.0,0.0,0.0
2018-05-30 10:00:02.288448,1023.0,0.0,0.0,0.0,0.0,0.0
2018-05-30 10:00:02.491508,1023.0,0.0,0.0,0.0,0.0,0.0
2018-05-30 10:00:02.692569,1023.0,0.0,0.0,0.0,0.0,0.0
2018-05-30 10:00:02.895630,1023.0,0.0,0.0,0.0,0.0,0.0
2018-05-30 10:00:03.095690,1023.0,0.0,0.0,0.0,0.0,0.0
2018-05-30 10:00:03.296750,1023.0,0.0,0.0,0.0,0.0,0.0
2018-05-30 10:00:03.498811,1023.0,0.0,0.0,0.0,0.0,0.0
2018-05-30 10:00:03.699871,1023.0,0.0,0.0,0.0,0.0,0.0
2018-05-30 10:00:03.900931,1023.0,0.0,0.0,0.0,0.0,0.0
2018-05-30 10:00:04.103992,1023.0,0.0,0.0,0.0,0.0,0.0
2018-05-30 10:00:04.307053,1023.0,0.0,0.0,0.0,0.0,0.0
2018-05-30 10:00:04.509114,1023.0,0.0,0.0,0.0,0.0,0.0
2018-05-30 10:00:04.710174,1023.0,0.0,0.0,0.0,0.0,0.0
2018-05-30 10:00:04.911234,1023.0,0.0,0.0,0.0,0.0,0.0
2018-05-30 10:00:05.113295,1023.0,0.0,0.0,0.0,0.0,0.0
2018-05-30 10:00:05.315355,1023.0,0.0,0.0,0.0,0.0,0.0
2018-05-30 10:00:05.517416,1023.0,0.0,0.0,0.0,0.0,0.0
2018-05-30 10:00:05.718476,1023.0,0.0,0.0,0.0,0.0,0.0
2018-05-30 10:00:05.919537,1023.0,0.0,0.0,0.0,0.0,0.0
2018-05-30 10:00:06.122597,1023.0,0.0,0.0,0.0,0.0,0.0
2018-05-30 10:00:06.322657,1023.0,0.0,0.0,0.0,0.0,0.0
2018-05-30 10:00:06.538722,1023.0,0.0,0.0,0.0,0.0,0.0
2018-05-30 10:00:06.740783,1023.0,0.0,0.0,0.0,0.0,0.0
2018-05-30 10:00:06.942843,1023.0,0.0,0.0,0.0,0.0,0.0
2018-05-30 10:00:07.143904,1023.0,0.0,0.0,0.0,0.0,0.0
2018-05-30 10:00:07.344964,1023.0,0.0,0.0,0.0,0.0,0.0
2018-05-30 10:00:07.547025,1023.0,0.0,0.0,0.0,0.0,0.0
2018-05-30 10:00:07.757088,1023.0,0.0,0.0,0.0,0.0,0.0
2018-05-30 10:00:07.958148,1023.0,0.0,0.0,0.0,0.0,0.0
2018-05-30 10:00:08.160209,1023.0,0.0,0.0,0.0,0.0,0.0
2018-05-30 10:00:08.361269,1023.0,0.0,0.0,0.0,0.0,0.0
2018-05-30 10:00:08.566330,1023.0,0.0,0.0,0.0,0.0,0.0
2018-05-30 10:00:08.768391,1023.0,0.0,0.0,0.0,0.0,0.0
2018-05-30 10:00:08.968451,1023.0,0.0,0.0,0.0,0.0,0.0
2018-05-30 10:00:09.170512,1023.0,0.0,0.0,0.0,0.0,0.0
2018-05-30 10:00:09.372572,1023.0,0.0,0.0,0.0,0.0,0.0
2018-05-30 10:00:09.576633,1023.0,0.0,0.0,0.0,0.0,0.0
2018-05-30 10:00:09.778694,1023.0,0.0,0.0,0.0,0.0,0.0
2018-05-30 10:00:09.979754,1023.0,0.0,0.0,0.0,0.0,0.0
2018-05-30 10:00:10.181815,1023.0,0.0,0.0,0.0,0.0,0.0
2018-05-30 10:00:10.383875,1023.0,0.0,0.0,0.0,0.0,0.0
2018-05-30 10:00:10.585936,1023.0,0.0,0.0,0.0,0.0,0.0
2018-05-30 10:00:10.786996,1023.0,0.0,0.0,0.0,0.0,0.0
2018-05-30 10:00:10.989057,1023.0,0.0,0.0,0.0,0.0,0.0
2018-05-30 10:00:11.191118,1023.0,0.0,0.0,0.0,0.0,0.0
2018-05-30 10:00:11.392178,1023.0,0.0,0.0,0.0,0.0,0.0
2018-05-30 10:00:11.594238,1023.0,0.0,0.0,0.0,0.0,0.0
2018-05-30 10:00:11.795299,1023.0,0.0,0.0,0.0,0.0,0.0
2018-05-30 10:00:11.996359,1023.0,0.0,0.0,0.0,0.0,0.0
2018-05-30 10:00:12.198420,1023.0,0.0,0.0,0.0,0.0,0.0
2018-05-30 10:00:12.399480,1023.0,0.0,0.0,0.0,0.0,0.0
2018-05-30 10:00:12.602541,1023.0,0.0,0.0,0.0,0.0,0.0
2018-05-30 10:00:12.805602,1023.0,0.0,0.0,0.0,0.0,0.0
2018-05-30 10:00:13.006662,1023.0,0.0,0.0,0.0,0.0,0.0
2018-05-30 10:00:13.209723,1023.0,0.0,0.0,0.0,0.0,0.0
2018-05-30 10:00:13.410783,1023.0,0.0,0.0,0.0,0.0,0.0
2018-05-30 10:00:13.613844,1023.0,0.0,0.0,0.0,0.0,0.0
2018-05-30 10:00:13.814904,1023.0,0.0,0.0,0.0,0.0,0.0
2018-05-30 10:00:14.015965,1023.0,0.0,0.0,0.0,0.0,0.0
2018-05-30 10:00:14.218025,1023.0,0.0,0.0,0.0,0.0,0.0
2018-05-30 10:00:14.419086,1023.0,0.0,0.0,0.0,0.0,0.0
2018-05-30 10:00:14.621146,1023.0,0.0,0.0,0.0,0.0,0.0
2018-05-30 10:00:14.822207,1023.0,0.0,0.0,0.0,0.0,0.0
2018-05-30 10:00:15.023267,1023.0,0.0,0.0,0.0,0.0,0.0
2018-05-30 10:00:15.225327,1023.0,0.0,0.0,0.0,0.0,0.0
2018-05-30 10:00:15.426388,1023.0,0.0,0.0,0.0,0.0,0.0
2018-05-30 10:00:15.629449,1023.0,0.0,0.0,0.0,0.0,0.0
2018-05-30 10:00:15.836511,1023.0,0.0,0.0,0.0,0.0,0.0
2018-05-30 10:00:16.036571,1023.0,0.0,0.0,0.0,0.0,0.0
2018-05-30 10:00:16.240632,1023.0,0.0,0.0,0.0,0.0,0.0
2018-05-30 10:00:16.453696,1023.0,0.0,0.0,0.0,0.0,0.0
2018-05-30 10:00:16.655756,1023.0,0.0,0.0,0.0,0.0,0.0
2018-05-30 10:00:16.856817,1023.0,0.0,0.0,0.0,0.0,0.0
2018-05-30 10:00:17.062879,1023.0,0.0,0.0,0.0,0.0,0.0
2018-05-30 10:00:17.264939,1023.0,0.0,0.0,0.0,0.0,0.0
2018-05-30 10:00:17.465999,1023.0,0.0,0.0,0.0,0.0,0.0
2018-05-30 10:00:17.668060,1023.0,0.0,0.0,0.0,0.0,0.0
2018-05-30 10:00:17.869120,1023.0,0.0,0.0,0.0,0.0,0.0
2018-05-30 10:00:18.071181,1023.0,0.0,0.0,0.0,0.0,0.0
2018-05-30 10:00:18.273242,1023.0,0.0,0.0,0.0,0.0,0.0
2018-05-30 10:00:18.475302,1023.0,0.0,0.0,0.0,0.0,0.0
2018-05-30 10:00:18.677363,1023.0,0.0,0.0,0.0,0.0,0.0
2018-05-30 10:00:18.876857,1023.0,0.0,0.0,0.0,0.0,0.0
2018-05-30 10:00:19.075586,1023.0,0.0,0.0,0.0,0.0,0.0
2018-05-30 10:00:19.276292,1023.0,0.0,0.0,0.0,0.0,0.0
2018-05-30 10:00:19.475021,1023.0,0.0,0.0,0.0,0.0,0.0
2018-05-30 10:00:19.674738,1023.0,0.0,0.0,0.0,0.0,0.0
2018-05-30 10:00:19.873467,1023.0,0.0,0.0,0.0,0.0,0.0
2018-05-30 10:00:20.072195,1023.0,0.0,0.0,0.0,0.0,0.0
2018-05-30 10:00:20.271913,1023.0,0.0,0.0,0.0,0.0,0.0
2018-05-30 10:00:20.470641,1023.0,0.0,0.0,0.0,0.0,0.0
2018-05-30 10:00:20.671348,1023.0,0.0,0.0,0.0,0.0,0.0
2018-05-30 10:00:20.870076,1023.0,0.0,0.0,0.0,0.0,0.0
2018-05-30 10:00:21.068805,1023.0,0.0,0.0,0.0,0.0,0.0
2018-05-30 10:00:21.272477,1023.0,0.0,0.0,0.0,0.0,0.0
2018-05-30 10:00:21.471206,1023.0,0.0,0.0,0.0,0.0,0.0
2018-05-30 10:00:21.672901,1023.0,0.0,0.0,0.0,0.0,0.0
2018-05-30 10:00:21.871629,1023.0,0.0,0.0,0.0,0.0,0.0
2018-05-30 10:00:22.071347,1023.0,0.0,0.0,0.0,0.0,0.0
2018-05-30 10:00:22.270075,1023.0,0.0,0.0,0.0,0.0,0.0
2018-05-30 10:00:22.469793,1023.0,0.0,0.0,0.0,0.0,0.0
2018-05-30 10:00:22.669510,1023.0,0.0,0.0,0.0,0.0,0.0
2018-05-30 10:00:22.869228,1023.0,0.0,0.0,0.0,0.0,0.0
2018-05-30 10:00:23.067956,1023.0,0.0,0.0,0.0,0.0,0.0
2018-05-30 10:00:23.267674,1023.0,0.0,0.0,0.0,0.0,0.0
2018-05-30 10:00:23.466402,1023.0,0.0,0.0,0.0,0.0,0.0
2018-05-30 10:00:23.666120,1023.0,0.0,0.0,0.0,0.0,0.0
2018-05-30 10:00:23.864849,1023.0,0.0,0.0,0.0,0.0,0.0
2018-05-30 10:00:24.063577,1023.0,0.0,0.0,0.0,0.0,0.0
2018-05-30 10:00:24.263295,1023.0,0.0,0.0,0.0,0.0,0.0
2018-05-30 10:00:24.462023,1023.0,0.0,0.0,0.0,0.0,0.0
2018-05-30 10:00:24.662729,1023.0,0.0,0.0,0.0,0.0,0.0
2018-05-30 10:00:24.860469,1023.0,0.0,0.0,0.0,0.0,0.0
2018-05-30 10:00:25.059198,1023.0,0.0,0.0,0.0,0.0,0.0
2018-05-30 10:00:25.259904,1023.0,0.0,0.0,0.0,0.0,0.0
2018-05-30 10:00:25.461599,1023.0,0.0,0.0,0.0,0.0,0.0
2018-05-30 10:00:25.662305,1023.0,0.0,0.0,0.0,0.0,0.0
2018-05-30 10:00:25.861034,1023.0,0.0,0.0,0.0,0.0,0.0
2018-05-30 10:00:26.059763,1023.0,0.0,0.0,0.0,0.0,0.0
2018-05-30 10:00:26.260469,1023.0,0.0,0.0,0.0,0.0,0.0
2018-05-30 10:00:26.477983,1023.0,0.0,0.0,0.0,0.0,0.0
2018-05-30 10:00:26.677700,1023.0,0.0,0.0,0.0,0.0,0.0
2018-05-30 10:00:26.876429,1023.0,0.0,0.0,0.0,0.0,0.0
2018-05-30 10:00:27.075157,1023.0,0.0,0.0,0.0,0.0,0.0
2018-05-30 10:00:27.274875,1023.0,0.0,0.0,0.0,0.0,0.0
2018-05-30 10:00:27.483491,1023.0,0.0,0.0,0.0,0.0,0.0
2018-05-30 10:00:27.683208,1023.0,0.0,0.0,0.0,0.0,0.0
2018-05-30 10:00:27.881937,1023.0,0.0,0.0,0.0,0.0,0.0
2018-05-30 10:00:28.081654,1023.0,0.0,0.0,0.0,0.0,0.0
2018-05-30 10:00:28.282360,1023.0,0.0,0.0,0.0,0.0,0.0
2018-05-30 10:00:28.481089,1023.0,0.0,0.0,0.0,0.0,0.0
2018-05-30 10:00:28.680806,1023.0,0.0,0.0,0.0,0.0,0.0
2018-05-30 10:00:28.880524,1023.0,0.0,0.0,0.0,0.0,0.0
2018-05-30 10:00:29.079252,1023.0,0.0,0.0,0.0,0.0,0.0
2018-05-30 10:00:29.278970,1023.0,0.0,0.0,0.0,0.0,0.0
2018-05-30 10:00:29.477698,1023.0,0.0,0.0,0.0,0.0,0.0
2018-05-30 10:00:29.680382,1023.0,0.0,0.0,0.0,0.0,0.0
2018-05-30 10:00:29.879111,1023.0,0.0,0.0,0.0,0.0,0.0
2018-05-30 10:00:30.079817,1023.0,0.0,0.0,0.0,0.0,0.0
2018-05-30 10:00:30.279534,1023.0,0.0,0.0,0.0,0.0,0.0
2018-05-30 10:00:30.478263,1023.0,0.0,0.0,0.0,0.0,0.0
2018-05-30 10:00:30.677980,1023.0,0.0,0.0,0.0,0.0,0.0
2018-05-30 10:00:30.880664,1023.0,0.0,0.0,0.0,0.0,0.0
2018-05-30 10:00:31.079392,1023.0,0.0,0.0,0.0,0.0,0.0
2018-05-30 10:00:31.279110,1023.0,0.0,0.0,0.0,0.0,0.0
2018-05-30 10:00:31.477839,1023.0,0.0,0.0,0.0,0.0,0.0
2018-05-30 10:00:31.677556,1023.0,0.0,0.0,0.0,0.0,0.0
2018-05-30 10:00:31.876285,1023.0,0.0,0.0,0.0,0.0,0.0
2018-05-30 10:00:32.076002,1023.0,0.0,0.0,0.0,0.0,0.0
2018-05-30 10:00:32.275719,1023.0,0.0,0.0,0.0,0.0,0.0
2018-05-30 10:00:32.474448,1023.0,0.0,0.0,0.0,0.0,0.0
2018-05-30 10:00:32.674166,1023.0,0.0,0.0,0.0,0.0,0.0
2018-05-30 10:00:32.873883,1023.0,0.0,0.0,0.0,0.0,0.0
2018-05-30 10:00:33.072612,1023.0,0.0,0.0,0.0,0.0,0.0
2018-05-30 10:00:33.272329,1023.0,0.0,0.0,0.0,0.0,0.0
2018-05-30 10:00:33.472046,1023.0,0.0,0.0,0.0,0.0,0.0
2018-05-30 10:00:33.671764,1023.0,0.0,0.0,0.0,0.0,0.0
2018-05-30 10:00:33.876425,1023.0,0.0,0.0,0.0,0.0,0.0
2018-05-30 10:00:34.079108,1023.0,0.0,0.0,0.0,0.0,0.0
2018-05-30 10:00:34.279814,1023.0,0.0,0.0,0.0,0.0,0.0
2018-05-30 10:00:34.507215,1023.0,0.0,0.0,0.0,0.0,0.0
2018-05-30 10:00:34.706933,1023.0,0.0,0.0,0.0,0.0,0.0
2018-05-30 10:00:34.905661,1023.0,0.0,0.0,0.0,0.0,0.0
2018-05-30 10:00:35.104390,1023.0,0.0,0.0,0.0,0.0,0.0
2018-05-30 10:00:35.341678,1023.0,0.0,0.0,0.0,0.0,0.0
2018-05-30 10:00:35.540407,1023.0,0.0,0.0,0.0,0.0,0.0
2018-05-30 10:00:35.740124,1023.0,0.0,0.0,0.0,0.0,0.0
2018-05-30 10:00:35.938853,1023.0,0.0,0.0,0.0,0.0,0.0
2018-05-30 10:00:36.137582,1023.0,0.0,0.0,0.0,0.0,0.0
2018-05-30 10:00:36.347186,1023.0,0.0,0.0,0.0,0.0,0.0
2018-05-30 10:00:36.547892,1023.0,0.0,0.0,0.0,0.0,0.0
2018-05-30 10:00:36.747610,1023.0,0.0,0.0,0.0,0.0,0.0
2018-05-30 10:00:36.946338,1023.0,0.0,0.0,0.0,0.0,0.0
2018-05-30 10:00:37.145067,1023.0,0.0,0.0,0.0,0.0,0.0
2018-05-30 10:00:37.347750,1023.0,0.0,0.0,0.0,0.0,0.0
2018-05-30 10:00:37.546479,1023.0,0.0,0.0,0.0,0.0,0.0
2018-05-30 10:00:37.746197,1023.0,0.0,0.0,0.0,0.0,0.0
2018-05-30 10:00:37.944925,1023.0,0.0,0.0,0.0,0.0,0.0
2018-05-30 10:00:38.146620,1023.0,0.0,0.0,0.0,0.0,0.0
2018-05-30 10:00:38.347326,1023.0,0.0,0.0,0.0,0.0,0.0
2018-05-30 10:00:38.546055,1023.0,0.0,0.0,0.0,0.0,0.0
2018-05-30 10:00:38.745772,1023.0,0.0,0.0,0.0,0.0,0.0
2018-05-30 10:00:38.944501,1023.0,0.0,0.0,0.0,0.0,0.0
2018-05-30 10:00:39.143230,1023.0,0.0,0.0,0.0,0.0,0.0
2018-05-30 10:00:39.342947,1023.0,0.0,0.0,0.0,0.0,0.0
2018-05-30 10:00:39.541676,1023.0,0.0,0.0,0.0,0.0,0.0
2018-05-30 10:00:39.742382,1023.0,0.0,0.0,0.0,0.0,0.0
2018-05-30 10:00:39.943088,1023.0,0.0,0.0,0.0,0.0,0.0
2018-05-30 10:00:40.140828,1023.0,0.0,0.0,0.0,0.0,0.0
2018-05-30 10:00:40.340545,1023.0,0.0,0.0,0.0,0.0,0.0
2018-05-30 10:00:40.540263,1023.0,0.0,0.0,0.0,0.0,0.0
2018-05-30 10:00:40.738991,1023.0,0.0,0.0,0.0,0.0,0.0
2018-05-30 10:00:40.937720,1023.0,0.0,0.0,0.0,0.0,0.0
2018-05-30 10:00:41.136449,1023.0,0.0,0.0,0.0,0.0,0.0
2018-05-30 10:00:41.336166,1023.0,0.0,0.0,0.0,0.0,0.0
2018-05-30 10:00:41.535884,1023.0,0.0,0.0,0.0,0.0,0.0
2018-05-30 10:00:41.734612,1023.0,0.0,0.0,0.0,0.0,0.0
2018-05-30 10:00:41.933341,1023.0,0.0,0.0,0.0,0.0,0.0
2018-05-30 10:00:42.132070,1023.0,0.0,0.0,0.0,0.0,0.0
2018-05-30 10:00:42.337719,1023.0,0.0,0.0,0.0,0.0,0.0
2018-05-30 10:00:42.536448,1023.0,0.0,0.0,0.0,0.0,0.0
2018-05-30 10:00:42.736165,1023.0,0.0,0.0,0.0,0.0,0.0
2018-05-30 10:00:42.934894,1023.0,0.0,0.0,0.0,0.0,0.0
2018-05-30 10:00:43.133623,1023.0,0.0,0.0,0.0,0.0,0.0
2018-05-30 10:00:43.334329,1023.0,0.0,0.0,0.0,0.0,0.0
2018-05-30 10:00:43.533058,1023.0,0.0,0.0,0.0,0.0,0.0
2018-05-30 10:00:43.732775,1023.0,0.0,0.0,0.0,0.0,0.0
2018-05-30 10:00:43.931504,1023.0,0.0,0.0,0.0,0.0,0.0
2018-05-30 10:00:44.130232,1023.0,0.0,0.0,0.0,0.0,0.0
2018-05-30 10:00:44.329950,1023.0,0.0,0.0,0.0,0.0,0.0
2018-05-30 10:00:44.528679,1023.0,0.0,0.0,0.0,0.0,0.0
2018-05-30 10:00:44.728396,1023.0,0.0,0.0,0.0,0.0,0.0
2018-05-30 10:00:44.927125,1023.0,0.0,0.0,0.0,0.0,0.0
2018-05-30 10:00:45.125853,1023.0,0.0,0.0,0.0,0.0,0.0
2018-05-30 10:00:45.325571,1023.0,0.0,0.0,0.0,0.0,0.0
2018-05-30 10:00:45.525288,1023.0,0.0,0.0,0.0,0.0,0.0
2018-05-30 10:00:45.725994,1023.0,0.0,0.0,0.0,0.0,0.0
2018-05-30 10:00:45.924723,1023.0,0.0,0.0,0.0,0.0,0.0
2018-05-30 10:00:46.134327,1023.0,0.0,0.0,0.0,0.0,0.0
2018-05-30 10:00:46.334045,1023.0,0.0,0.0,0.0,0.0,0.0
2018-05-30 10:00:46.537717,1023.0,0.0,0.0,0.0,0.0,0.0
2018-05-30 10:00:46.737434,1023.0,0.0,0.0,0.0,0.0,0.0
2018-05-30 10:00:46.936163,1023.0,0.0,0.0,0.0,0.0,0.0
2018-05-30 10:00:47.135880,1023.0,0.0,0.0,0.0,0.0,0.0
2018-05-30 10:00:47.338564,1023.0,0.0,0.0,0.0,0.0,0.0
2018-05-30 10:00:47.538281,1023.0,0.0,0.0,0.0,0.0,0.0
2018-05-30 10:00:47.737999,1023.0,0.0,0.0,0.0,0.0,0.0
2018-05-30 10:00:47.936727,1023.0,0.0,0.0,0.0,0.0,0.0
2018-05-30 10:00:48.135456,1023.0,0.0,0.0,0.0,0.0,0.0
2018-05-30 10:00:48.335174,1023.0,0.0,0.0,0.0,0.0,0.0
2018-05-30 10:00:48.533902,1023.0,0.0,0.0,0.0,0.0,0.0
2018-05-30 10:00:48.733620,1023.0,0.0,0.0,0.0,0.0,0.0
2018-05-30 10:00:48.933337,1023.0,0.0,0.0,0.0,0.0,0.0
2018-05-30 10:00:49.132066,1023.0,0.0,0.0,0.0,0.0,0.0
2018-05-30 10:00:49.331783,1023.0,0.0,0.0,0.0,0.0,0.0
2018-05-30 10:00:49.530512,1023.0,0.0,0.0,0.0,0.0,0.0
2018-05-30 10:00:49.730229,1023.0,0.0,0.0,0.0,0.0,0.0
2018-05-30 10:00:49.928958,1023.0,0.0,0.0,0.0,0.0,0.0
2018-05-30 10:00:50.127687,1023.0,0.0,0.0,0.0,0.0,0.0
2018-05-30 10:00:50.327404,1023.0,0.0,0.0,0.0,0.0,0.0
2018-05-30 10:00:50.526133,1023.0,0.0,0.0,0.0,0.0,0.0
2018-05-30 10:00:50.730794,1023.0,0.0,0.0,0.0,0.0,0.0
2018-05-30 10:00:50.929522,1023.0,0.0,0.0,0.0,0.0,0.0
2018-05-30 10:00:51.128251,1023.0,0.0,0.0,0.0,0.0,0.0
2018-05-30 10:00:51.328957,1023.0,0.0,0.0,0.0,0.0,0.0
2018-05-30 10:00:51.527686,1023.0,0.0,0.0,0.0,0.0,0.0
2018-05-30 10:00:51.728392,1023.0,0.0,0.0,0.0,0.0,0.0
2018-05-30 10:00:51.927121,1023.0,0.0,0.0,0.0,0.0,0.0
2018-05-30 10:00:52.125849,1023.0,0.0,0.0,0.0,0.0,0.0
2018-05-30 10:00:52.326555,1023.0,0.0,0.0,0.0,0.0,0.0
2018-05-30 10:00:52.525284,1023.0,0.0,0.0,0.0,0.0,0.0
2018-05-30 10:00:52.725002,1023.0,0.0,0.0,0.0,0.0,0.0
2018-05-30 10:00:52.923730,1023.0,0.0,0.0,0.0,0.0,0.0
2018-05-30 10:00:53.122459,1023.0,0.0,0.0,0.0,0.0,0.0
2018-05-30 10:00:53.323165,1023.0,0.0,0.0,0.0,0.0,0.0
2018-05-30 10:00:53.521894,1023.0,0.0,0.0,0.0,0.0,0.0
2018-05-30 10:00:53.722600,1023.0,0.0,0.0,0.0,0.0,0.0
2018-05-30 10:00:53.921329,1023.0,0.0,0.0,0.0,0.0,0.0
2018-05-30 10:00:54.120057,1023.0,0.0,0.0,0.0,0.0,0.0
2018-05-30 10:00:54.319775,1023.0,0.0,0.0,0.0,0.0,0.0
2018-05-30 10:00:54.518503,1023.0,0.0,0.0,0.0,0.0,0.0
2018-05-30 10:00:54.718221,1023.0,0.0,0.0,0.0,0.0,0.0
2018-05-30 10:00:54.928814,1023.0,0.0,0.0,0.0,0.0,0.0
2018-05-30 10:00:55.126554,1023.0,0.0,0.0,0.0,0.0,0.0
2018-05-30 10:00:55.326271,1023.0,0.0,0.0,0.0,0.0,0.0
2018-05-30 10:00:55.525000,1023.0,0.0,0.0,0.0,0.0,0.0
2018-05-30 10:00:55.724717,1023.0,0.0,0.0,0.0,0.0,0.0
2018-05-30 10:00:55.923446,1023.0,0.0,0.0,0.0,0.0,0.0
2018-05-30 10:00:56.136017,1023.0,0.0,0.0,0.0,0.0,0.0
2018-05-30 10:00:56.335734,1023.0,0.0,0.0,0.0,0.0,0.0
2018-05-30 10:00:56.534463,1023.0,0.0,0.0,0.0,0.0,0.0
2018-05-30 10:00:56.735169,1023.0,0.0,0.0,0.0,0.0,0.0
2018-05-30 10:00:56.934886,1023.0,0.0,0.0,0.0,0.0,0.0
2018-05-30 10:00:57.132626,1023.0,0.0,0.0,0.0,0.0,0.0
2018-05-30 10:00:57.333332,1023.0,0.0,0.0,0.0,0.0,0.0
2018-05-30 10:00:57.533050,1023.0,0.0,0.0,0.0,0.0,0.0
2018-05-30 10:00:57.732767,1023.0,0.0,0.0,0.0,0.0,0.0
2018-05-30 10:00:57.931496,1023.0,0.0,0.0,0.0,0.0,0.0
2018-05-30 10:00:58.130224,1023.0,0.0,0.0,0.0,0.0,0.0
2018-05-30 10:00:58.330931,1023.0,0.0,0.0,0.0,0.0,0.0
2018-05-30 10:00:58.529659,1023.0,0.0,0.0,0.0,0.0,0.0
2018-05-30 10:00:58.728388,1023.0,0.0,0.0,0.0,0.0,0.0
2018-05-30 10:00:58.929094,1023.0,0.0,0.0,0.0,0.0,0.0
2018-05-30 10:00:59.136721,1023.0,0.0,0.0,0.0,0.0,0.0
2018-05-30 10:00:59.336438,1023.0,0.0,0.0,0.0,0.0,0.0
2018-05-30 10:00:59.535167,1023.0,0.0,0.0,0.0,0.0,0.0
2018-05-30 10:00:59.738839,1023.0,0.0,0.0,0.0,0.0,0.0
2018-05-30 10:00:59.939545,1023.0,0.0,0.0,0.0,0.0,0.0
2018-05-30 10:01:00.137285,1023.0,0.0,0.0,0.0,0.0,0.0
2018-05-30 10:01:00.337003,1023.0,0.0,0.0,0.0,0.0,0.0
2018-05-30 10:01:00.535732,1023.0,0.0,0.0,0.0,0.0,0.0
2018-05-30 10:01:00.734460,1023.0,0.0,0.0,0.0,0.0,0.0
2018-05-30 10:01:00.934178,1023.0,0.0,0.0,0.0,0.0,0.0
2018-05-30 10:01:01.132906,1023.0,0.0,0.0,0.0,0.0,0.0
2018-05-30 10:01:01.333612,1023.0,0.0,0.0,0.0,0.0,0.0
2018-05-30 10:01:01.532341,1023.0,0.0,0.0,0.0,0.0,0.0
2018-05-30 10:01:01.731070,1023.0,0.0,0.0,0.0,0.0,0.0
2018-05-30 10:01:01.930787,1023.0,0.0,0.0,0.0,0.0,0.0
2018-05-30 10:01:02.130505,1023.0,0.0,0.0,0.0,0.0,0.0
2018-05-30 10:01:02.329233,1023.0,0.0,0.0,0.0,0.0,0.0
2018-05-30 10:01:02.527962,1023.0,0.0,0.0,0.0,0.0,0.0
2018-05-30 10:01:02.726691,1023.0,0.0,0.0,0.0,0.0,0.0
2018-05-30 10:01:02.927397,1023.0,0.0,0.0,0.0,0.0,0.0
2018-05-30 10:01:03.127114,1023.0,0.0,0.0,0.0,0.0,0.0
2018-05-30 10:01:03.328809,1023.0,0.0,0.0,0.0,0.0,0.0
2018-05-30 10:01:03.527538,1023.0,0.0,0.0,0.0,0.0,0.0
2018-05-30 10:01:03.726266,1023.0,0.0,0.0,0.0,0.0,0.0
2018-05-30 10:01:03.925984,1023.0,0.0,0.0,0.0,0.0,0.0
2018-05-30 10:01:04.124713,1023.0,0.0,0.0,0.0,0.0,0.0
2018-05-30 10:01:04.324430,1023.0,0.0,0.0,0.0,0.0,0.0
2018-05-30 10:01:04.523159,1023.0,0.0,0.0,0.0,0.0,0.0
2018-05-30 10:01:04.721887,1023.0,0.0,0.0,0.0,0.0,0.0
2018-05-30 10:01:04.922593,1023.0,0.0,0.0,0.0,0.0,0.0
2018-05-30 10:01:05.121322,1023.0,0.0,0.0,0.0,0.0,0.0
2018-05-30 10:01:05.321040,1023.0,0.0,0.0,0.0,0.0,0.0
2018-05-30 10:01:05.519768,1023.0,0.0,0.0,0.0,0.0,0.0
2018-05-30 10:01:05.718497,1023.0,0.0,0.0,0.0,0.0,0.0
2018-05-30 10:01:05.937000,1023.0,0.0,0.0,0.0,0.0,0.0
2018-05-30 10:01:06.136717,1023.0,0.0,0.0,0.0,0.0,0.0
2018-05-30 10:01:06.335446,1023.0,0.0,0.0,0.0,0.0,0.0
2018-05-30 10:01:06.534174,1023.0,0.0,0.0,0.0,0.0,0.0
2018-05-30 10:01:06.732903,1023.0,0.0,0.0,0.0,0.0,0.0
2018-05-30 10:01:06.933609,1023.0,0.0,0.0,0.0,0.0,0.0
2018-05-30 10:01:07.132338,1023.0,0.0,0.0,0.0,0.0,0.0
2018-05-30 10:01:07.334033,1023.0,0.0,0.0,0.0,0.0,0.0
2018-05-30 10:01:07.537705,1023.0,0.0,0.0,0.0,0.0,0.0
2018-05-30 10:01:07.736434,1023.0,0.0,0.0,0.0,0.0,0.0
2018-05-30 10:01:07.936151,1023.0,0.0,0.0,0.0,0.0,0.0
2018-05-30 10:01:08.134880,1023.0,0.0,0.0,0.0,0.0,0.0
2018-05-30 10:01:08.334597,1023.0,0.0,0.0,0.0,0.0,0.0
2018-05-30 10:01:08.533326,1023.0,0.0,0.0,0.0,0.0,0.0
2018-05-30 10:01:08.732055,1023.0,0.0,0.0,0.0,0.0,0.0
2018-05-30 10:01:08.932761,1023.0,0.0,0.0,0.0,0.0,0.0
2018-05-30 10:01:09.131489,1023.0,0.0,0.0,0.0,0.0,0.0
2018-05-30 10:01:09.331207,1023.0,0.0,0.0,0.0,0.0,0.0
2018-05-30 10:01:09.529935,1023.0,0.0,0.0,0.0,0.0,0.0
2018-05-30 10:01:09.728664,1023.0,0.0,0.0,0.0,0.0,0.0
2018-05-30 10:01:09.928382,1023.0,0.0,0.0,0.0,0.0,0.0
2018-05-30 10:01:10.127110,1023.0,0.0,0.0,0.0,0.0,0.0
2018-05-30 10:01:10.327816,1023.0,0.0,0.0,0.0,0.0,0.0
2018-05-30 10:01:10.526545,1023.0,0.0,0.0,0.0,0.0,0.0
2018-05-30 10:01:10.725274,1023.0,0.0,0.0,0.0,0.0,0.0
2018-05-30 10:01:10.924991,1023.0,0.0,0.0,0.0,0.0,0.0
2018-05-30 10:01:11.123720,1023.0,0.0,0.0,0.0,0.0,0.0
2018-05-30 10:01:11.323437,1023.0,0.0,0.0,0.0,0.0,0.0
2018-05-30 10:01:11.523155,1023.0,0.0,0.0,0.0,0.0,0.0
2018-05-30 10:01:11.723861,1023.0,0.0,0.0,0.0,0.0,0.0
2018-05-30 10:01:11.923578,1023.0,0.0,0.0,0.0,0.0,0.0
2018-05-30 10:01:12.122307,1023.0,0.0,0.0,0.0,0.0,0.0
2018-05-30 10:01:12.322024,1023.0,0.0,0.0,0.0,0.0,0.0
2018-05-30 10:01:12.520753,1023.0,0.0,0.0,0.0,0.0,0.0
2018-05-30 10:01:12.720470,1023.0,0.0,0.0,0.0,0.0,0.0
2018-05-30 10:01:12.920188,1023.0,0.0,0.0,0.0,0.0,0.0
2018-05-30 10:01:13.118916,1023.0,0.0,0.0,0.0,0.0,0.0
2018-05-30 10:01:13.318634,1023.0,0.0,0.0,0.0,0.0,0.0
2018-05-30 10:01:13.517363,1023.0,0.0,0.0,0.0,0.0,0.0
2018-05-30 10:01:13.716091,1023.0,0.0,0.0,0.0,0.0,0.0
2018-05-30 10:01:13.916797,1023.0,0.0,0.0,0.0,0.0,0.0
2018-05-30 10:01:14.114537,1023.0,0.0,0.0,0.0,0.0,0.0
2018-05-30 10:01:14.314255,1023.0,0.0,0.0,0.0,0.0,0.0
2018-05-30 10:01:14.513972,1023.0,0.0,0.0,0.0,0.0,0.0
2018-05-30 10:01:14.712701,1023.0,0.0,0.0,0.0,0.0,0.0
2018-05-30 10:01:14.912418,1023.0,0.0,0.0,0.0,0.0,0.0
2018-05-30 10:01:15.111147,1023.0,0.0,0.0,0.0,0.0,0.0
2018-05-30 10:01:15.311853,1023.0,0.0,0.0,0.0,0.0,0.0
2018-05-30 10:01:15.510582,1023.0,0.0,0.0,0.0,0.0,0.0
2018-05-30 10:01:15.709310,1023.0,0.0,0.0,0.0,0.0,0.0
2018-05-30 10:01:15.922870,1023.0,0.0,0.0,0.0,0.0,0.0
2018-05-30 10:01:16.121598,1023.0,0.0,0.0,0.0,0.0,0.0
2018-05-30 10:01:16.321316,1023.0,0.0,0.0,0.0,0.0,0.0
2018-05-30 10:01:16.520044,1023.0,0.0,0.0,0.0,0.0,0.0
2018-05-30 10:01:16.718773,1023.0,0.0,0.0,0.0,0.0,0.0
2018-05-30 10:01:16.919479,1023.0,0.0,0.0,0.0,0.0,0.0
2018-05-30 10:01:17.118208,1023.0,0.0,0.0,0.0,0.0,0.0
2018-05-30 10:01:17.318914,1023.0,0.0,0.0,0.0,0.0,0.0
2018-05-30 10:01:17.518631,1023.0,0.0,0.0,0.0,0.0,0.0
2018-05-30 10:01:17.716371,1023.0,0.0,0.0,0.0,0.0,0.0
2018-05-30 10:01:17.916089,1023.0,0.0,0.0,0.0,0.0,0.0
2018-05-30 10:01:18.114818,1023.0,0.0,0.0,0.0,0.0,0.0
2018-05-30 10:01:18.315524,1023.0,0.0,0.0,0.0,0.0,0.0
2018-05-30 10:01:18.514252,1023.0,0.0,0.0,0.0,0.0,0.0
2018-05-30 10:01:18.712981,1023.0,0.0,0.0,0.0,0.0,0.0
2018-05-30 10:01:18.912698,1023.0,0.0,0.0,0.0,0.0,0.0
2018-05-30 10:01:19.111427,1023.0,0.0,0.0,0.0,0.0,0.0
2018-05-30 10:01:19.311145,1023.0,0.0,0.0,0.0,0.0,0.0
2018-05-30 10:01:19.509873,1023.0,0.0,0.0,0.0,0.0,0.0
2018-05-30 10:01:19.708602,1023.0,0.0,0.0,0.0,0.0,0.0
2018-05-30 10:01:19.908319,1023.0,0.0,0.0,0.0,0.0,0.0
2018-05-30 10:01:20.110014,1023.0,0.0,0.0,0.0,0.0,0.0
2018-05-30 10:01:20.309732,1023.0,0.0,0.0,0.0,0.0,0.0
2018-05-30 10:01:20.508460,1023.0,0.0,0.0,0.0,0.0,0.0
2018-05-30 10:01:20.707189,1023.0,0.0,0.0,0.0,0.0,0.0
2018-05-30 10:01:20.906906,1023.0,0.0,0.0,0.0,0.0,0.0
2018-05-30 10:01:21.105635,1023.0,0.0,0.0,0.0,0.0,0.0
2018-05-30 10:01:21.305352,1023.0,0.0,0.0,0.0,0.0,0.0
2018-05-30 10:01:21.504081,1023.0,0.0,0.0,0.0,0.0,0.0
2018-05-30 10:01:21.702810,1023.0,0.0,0.0,0.0,0.0,0.0
2018-05-30 10:01:21.903516,1023.0,0.0,0.0,0.0,0.0,0.0
2018-05-30 10:01:22.103233,1023.0,0.0,0.0,0.0,0.0,0.0
2018-05-30 10:01:22.301962,1023.0,0.0,0.0,0.0,0.0,0.0
2018-05-30 10:01:22.500691,1023.0,0.0,0.0,0.0,0.0,0.0
2018-05-30 10:01:22.700408,1023.0,0.0,0.0,0.0,0.0,0.0
2018-05-30 10:01:22.900126,1023.0,0.0,0.0,0.0,0.0,0.0
2018-05-30 10:01:23.099843,1023.0,0.0,0.0,0.0,0.0,0.0
2018-05-30 10:01:23.298572,1023.0,0.0,0.0,0.0,0.0,0.0
2018-05-30 10:01:23.498289,1023.0,0.0,0.0,0.0,0.0,0.0
2018-05-30 10:01:23.697018,1023.0,0.0,0.0,0.0,0.0,0.0
2018-05-30 10:01:23.896735,1023.0,0.0,0.0,0.0,0.0,0.0
2018-05-30 10:01:24.095464,1023.0,0.0,0.0,0.0,0.0,0.0
2018-05-30 10:01:24.294193,1023.0,0.0,0.0,0.0,0.0,0.0
2018-05-30 10:01:24.493910,1023.0,0.0,0.0,0.0,0.0,0.0
2018-05-30 10:01:24.692639,1023.0,0.0,0.0,0.0,0.0,0.0
2018-05-30 10:01:24.892356,1023.0,0.0,0.0,0.0,0.0,0.0
2018-05-30 10:01:25.091085,1023.0,0.0,0.0,0.0,0.0,0.0
2018-05-30 10:01:25.291791,1023.0,0.0,0.0,0.0,0.0,0.0
2018-05-30 10:01:25.491508,1023.0,0.0,0.0,0.0,0.0,0.0
2018-05-30 10:01:25.735717,1023.0,0.0,0.0,0.0,0.0,0.0
2018-05-30 10:01:25.935435,1023.0,0.0,0.0,0.0,0.0,0.0
2018-05-30 10:01:26.148005,1023.0,0.0,0.0,0.0,0.0,0.0
2018-05-30 10:01:26.348711,1023.0,0.0,0.0,0.0,0.0,0.0
2018-05-30 10:01:26.547440,1023.0,0.0,0.0,0.0,0.0,0.0
2018-05-30 10:01:26.751112,1023.0,0.0,0.0,0.0,0.0,0.0
2018-05-30 10:01:26.951818,1023.0,0.0,0.0,0.0,0.0,0.0
2018-05-30 10:01:27.150547,1023.0,0.0,0.0,0.0,0.0,0.0
2018-05-30 10:01:27.351253,1023.0,0.0,0.0,0.0,0.0,0.0
2018-05-30 10:01:27.550970,1023.0,0.0,0.0,0.0,0.0,0.0
2018-05-30 10:01:27.749699,1023.0,0.0,0.0,0.0,0.0,0.0
2018-05-30 10:01:27.949416,1023.0,0.0,0.0,0.0,0.0,0.0
2018-05-30 10:01:28.148145,1023.0,0.0,0.0,0.0,0.0,0.0
2018-05-30 10:01:28.347863,1023.0,0.0,0.0,0.0,0.0,0.0
2018-05-30 10:01:28.553512,1023.0,0.0,0.0,0.0,0.0,0.0
2018-05-30 10:01:28.757184,1023.0,0.0,0.0,0.0,0.0,0.0
2018-05-30 10:01:28.956902,1023.0,0.0,0.0,0.0,0.0,0.0
2018-05-30 10:01:29.155630,1023.0,0.0,0.0,0.0,0.0,0.0
2018-05-30 10:01:29.361280,1023.0,0.0,0.0,0.0,0.0,0.0
2018-05-30 10:01:29.560009,1023.0,0.0,0.0,0.0,0.0,0.0
2018-05-30 10:01:29.758737,1023.0,0.0,0.0,0.0,0.0,0.0
2018-05-30 10:01:29.958455,1023.0,0.0,0.0,0.0,0.0,0.0
2018-05-30 10:01:30.157184,1023.0,0.0,0.0,0.0,0.0,0.0
2018-05-30 10:01:30.357890,1023.0,0.0,0.0,0.0,0.0,0.0
2018-05-30 10:01:30.556618,1023.0,0.0,0.0,0.0,0.0,0.0
2018-05-30 10:01:30.755347,1023.0,0.0,0.0,0.0,0.0,0.0
2018-05-30 10:01:30.955064,1023.0,0.0,0.0,0.0,0.0,0.0
2018-05-30 10:01:31.153793,1023.0,0.0,0.0,0.0,0.0,0.0
2018-05-30 10:01:31.354499,1023.0,0.0,0.0,0.0,0.0,0.0
2018-05-30 10:01:31.553228,1023.0,0.0,0.0,0.0,0.0,0.0
2018-05-30 10:01:31.751957,1023.0,0.0,0.0,0.0,0.0,0.0
2018-05-30 10:01:31.951674,1023.0,0.0,0.0,0.0,0.0,0.0
2018-05-30 10:01:32.151391,1023.0,0.0,0.0,0.0,0.0,0.0
2018-05-30 10:01:32.350120,1023.0,0.0,0.0,0.0,0.0,0.0
2018-05-30 10:01:32.549838,1023.0,0.0,0.0,0.0,0.0,0.0
2018-05-30 10:01:32.751532,1023.0,0.0,0.0,0.0,0.0,0.0
2018-05-30 10:01:32.951250,1023.0,0.0,0.0,0.0,0.0,0.0
2018-05-30 10:01:33.149978,1023.0,0.0,0.0,0.0,0.0,0.0
2018-05-30 10:01:33.350685,1023.0,0.0,0.0,0.0,0.0,0.0
2018-05-30 10:01:33.549413,1023.0,0.0,0.0,0.0,0.0,0.0
2018-05-30 10:01:33.748142,1023.0,0.0,0.0,0.0,0.0,0.0
2018-05-30 10:01:33.948848,1023.0,0.0,0.0,0.0,0.0,0.0
2018-05-30 10:01:34.147577,1023.0,0.0,0.0,0.0,0.0,0.0
2018-05-30 10:01:34.347294,1023.0,0.0,0.0,0.0,0.0,0.0
2018-05-30 10:01:34.547012,1023.0,0.0,0.0,0.0,0.0,0.0
2018-05-30 10:01:34.745740,1023.0,0.0,0.0,0.0,0.0,0.0
2018-05-30 10:01:34.945458,1023.0,0.0,0.0,0.0,0.0,0.0
2018-05-30 10:01:35.144186,1023.0,0.0,0.0,0.0,0.0,0.0
2018-05-30 10:01:35.346870,1023.0,0.0,0.0,0.0,0.0,0.0
2018-05-30 10:01:35.545599,1023.0,0.0,0.0,0.0,0.0,0.0
2018-05-30 10:01:35.754214,1023.0,0.0,0.0,0.0,0.0,0.0
2018-05-30 10:01:35.953932,1023.0,0.0,0.0,0.0,0.0,0.0
2018-05-30 10:01:36.152660,1023.0,0.0,0.0,0.0,0.0,0.0
2018-05-30 10:01:36.352378,1023.0,0.0,0.0,0.0,0.0,0.0
2018-05-30 10:01:36.551106,1023.0,0.0,0.0,0.0,0.0,0.0
2018-05-30 10:01:36.749835,1023.0,0.0,0.0,0.0,0.0,0.0
2018-05-30 10:01:36.952519,1023.0,0.0,0.0,0.0,0.0,0.0
2018-05-30 10:01:37.151247,1023.0,0.0,0.0,0.0,0.0,0.0
2018-05-30 10:01:37.350965,1023.0,0.0,0.0,0.0,0.0,0.0
2018-05-30 10:01:37.549693,1023.0,0.0,0.0,0.0,0.0,0.0
2018-05-30 10:01:37.749411,1023.0,0.0,0.0,0.0,0.0,0.0
2018-05-30 10:01:37.950117,1023.0,0.0,0.0,0.0,0.0,0.0
2018-05-30 10:01:38.148846,1023.0,0.0,0.0,0.0,0.0,0.0
2018-05-30 10:01:38.349552,1023.0,0.0,0.0,0.0,0.0,0.0
2018-05-30 10:01:38.548280,1023.0,0.0,0.0,0.0,0.0,0.0
2018-05-30 10:01:38.747009,1023.0,0.0,0.0,0.0,0.0,0.0
2018-05-30 10:01:38.946727,1023.0,0.0,0.0,0.0,0.0,0.0
2018-05-30 10:01:39.145455,1023.0,0.0,0.0,0.0,0.0,0.0
2018-05-30 10:01:39.345173,1023.0,0.0,0.0,0.0,0.0,0.0
2018-05-30 10:01:39.544890,1023.0,0.0,0.0,0.0,0.0,0.0
2018-05-30 10:01:39.743619,1023.0,0.0,0.0,0.0,0.0,0.0
2018-05-30 10:01:39.945314,1023.0,0.0,0.0,0.0,0.0,0.0
2018-05-30 10:01:40.143054,1023.0,0.0,0.0,0.0,0.0,0.0
2018-05-30 10:01:40.341782,1023.0,0.0,0.0,0.0,0.0,0.0
2018-05-30 10:01:40.541500,1023.0,0.0,0.0,0.0,0.0,0.0
2018-05-30 10:01:40.741217,1023.0,0.0,0.0,0.0,0.0,0.0
2018-05-30 10:01:40.941923,1023.0,0.0,0.0,0.0,0.0,0.0
2018-05-30 10:01:41.146584,1023.0,0.0,0.0,0.0,0.0,0.0
2018-05-30 10:01:41.354211,1023.0,0.0,0.0,0.0,0.0,0.0
2018-05-30 10:01:41.553928,1023.0,0.0,0.0,0.0,0.0,0.0
2018-05-30 10:01:41.753646,1023.0,0.0,0.0,0.0,0.0,0.0
2018-05-30 10:01:41.956329,1023.0,0.0,0.0,0.0,0.0,0.0
2018-05-30 10:01:42.155058,1023.0,0.0,0.0,0.0,0.0,0.0
2018-05-30 10:01:42.354775,1023.0,0.0,0.0,0.0,0.0,0.0
2018-05-30 10:01:42.553504,1023.0,0.0,0.0,0.0,0.0,0.0
2018-05-30 10:01:42.752233,1023.0,0.0,0.0,0.0,0.0,0.0
2018-05-30 10:01:42.951950,1023.0,0.0,0.0,0.0,0.0,0.0
2018-05-30 10:01:43.150679,1023.0,0.0,0.0,0.0,0.0,0.0
2018-05-30 10:01:43.351385,1023.0,0.0,0.0,0.0,0.0,0.0
2018-05-30 10:01:43.551102,1023.0,0.0,0.0,0.0,0.0,0.0
2018-05-30 10:01:43.749831,1023.0,0.0,0.0,0.0,0.0,0.0
2018-05-30 10:01:43.951526,1023.0,0.0,0.0,0.0,0.0,0.0
2018-05-30 10:01:44.150255,1023.0,0.0,0.0,0.0,0.0,0.0
2018-05-30 10:01:44.348983,1023.0,0.0,0.0,0.0,0.0,0.0
2018-05-30 10:01:44.549689,1023.0,0.0,0.0,0.0,0.0,0.0
2018-05-30 10:01:44.750396,1023.0,0.0,0.0,0.0,0.0,0.0
2018-05-30 10:01:44.949124,1023.0,0.0,0.0,0.0,0.0,0.0
2018-05-30 10:01:45.147853,1023.0,0.0,0.0,0.0,0.0,0.0
2018-05-30 10:01:45.352514,1023.0,0.0,0.0,0.0,0.0,0.0
2018-05-30 10:01:45.569039,1023.0,0.0,0.0,0.0,0.0,0.0
2018-05-30 10:01:45.770734,1023.0,0.0,0.0,0.0,0.0,0.0
2018-05-30 10:01:45.970451,1023.0,0.0,0.0,0.0,0.0,0.0
2018-05-30 10:01:46.169180,1023.0,0.0,0.0,0.0,0.0,0.0
2018-05-30 10:01:46.370875,1023.0,0.0,0.0,0.0,0.0,0.0
2018-05-30 10:01:46.569604,1023.0,0.0,0.0,0.0,0.0,0.0
2018-05-30 10:01:46.768332,1023.0,0.0,0.0,0.0,0.0,0.0
2018-05-30 10:01:46.968050,1023.0,0.0,0.0,0.0,0.0,0.0
2018-05-30 10:01:47.166778,1023.0,0.0,0.0,0.0,0.0,0.0
2018-05-30 10:01:47.367484,1023.0,0.0,0.0,0.0,0.0,0.0
2018-05-30 10:01:47.566213,1023.0,0.0,0.0,0.0,0.0,0.0
2018-05-30 10:01:47.764942,1023.0,0.0,0.0,0.0,0.0,0.0
2018-05-30 10:01:47.964659,1023.0,0.0,0.0,0.0,0.0,0.0
2018-05-30 10:01:48.163388,1023.0,0.0,0.0,0.0,0.0,0.0
2018-05-30 10:01:48.362117,1023.0,0.0,0.0,0.0,0.0,0.0
2018-05-30 10:01:48.561834,1023.0,0.0,0.0,0.0,0.0,0.0
2018-05-30 10:01:48.760563,1023.0,0.0,0.0,0.0,0.0,0.0
2018-05-30 10:01:48.962258,1023.0,0.0,0.0,0.0,0.0,0.0
2018-05-30 10:01:49.160986,1023.0,0.0,0.0,0.0,0.0,0.0
2018-05-30 10:01:49.359715,1023.0,0.0,0.0,0.0,0.0,0.0
2018-05-30 10:01:49.565365,1023.0,0.0,0.0,0.0,0.0,0.0
2018-05-30 10:01:49.764093,1023.0,0.0,0.0,0.0,0.0,0.0
2018-05-30 10:01:49.963811,1023.0,0.0,0.0,0.0,0.0,0.0
2018-05-30 10:01:50.163528,1023.0,0.0,0.0,0.0,0.0,0.0
2018-05-30 10:01:50.363245,1023.0,0.0,0.0,0.0,0.0,0.0
2018-05-30 10:01:50.562963,1023.0,0.0,0.0,0.0,0.0,0.0
2018-05-30 10:01:50.761692,1023.0,0.0,0.0,0.0,0.0,0.0
2018-05-30 10:01:50.961409,1023.0,0.0,0.0,0.0,0.0,0.0
2018-05-30 10:01:51.161126,1023.0,0.0,0.0,0.0,0.0,0.0
2018-05-30 10:01:51.359855,1023.0,0.0,0.0,0.0,0.0,0.0
2018-05-30 10:01:51.560561,1023.0,0.0,0.0,0.0,0.0,0.0
2018-05-30 10:01:51.759290,1023.0,0.0,0.0,0.0,0.0,0.0
2018-05-30 10:01:51.960985,1023.0,0.0,0.0,0.0,0.0,0.0
2018-05-30 10:01:52.158725,1023.0,0.0,0.0,0.0,0.0,0.0
2018-05-30 10:01:52.359431,1023.0,0.0,0.0,0.0,0.0,0.0
2018-05-30 10:01:52.559148,1023.0,0.0,0.0,0.0,0.0,0.0
2018-05-30 10:01:52.757877,1023.0,0.0,0.0,0.0,0.0,0.0
2018-05-30 10:01:52.957594,1023.0,0.0,0.0,0.0,0.0,0.0
2018-05-30 10:01:53.156323,1023.0,0.0,0.0,0.0,0.0,0.0
2018-05-30 10:01:53.356040,1023.0,0.0,0.0,0.0,0.0,0.0
2018-05-30 10:01:53.555758,1023.0,0.0,0.0,0.0,0.0,0.0
2018-05-30 10:01:53.757453,1023.0,0.0,0.0,0.0,0.0,0.0
2018-05-30 10:01:53.958159,1023.0,0.0,0.0,0.0,0.0,0.0
2018-05-30 10:01:54.156887,1023.0,0.0,0.0,0.0,0.0,0.0
2018-05-30 10:01:54.355616,1023.0,0.0,0.0,0.0,0.0,0.0
2018-05-30 10:01:54.555333,1023.0,0.0,0.0,0.0,0.0,0.0
2018-05-30 10:01:54.754062,1023.0,0.0,0.0,0.0,0.0,0.0
2018-05-30 10:01:54.953780,1023.0,0.0,0.0,0.0,0.0,0.0
2018-05-30 10:01:55.152508,1023.0,0.0,0.0,0.0,0.0,0.0
2018-05-30 10:01:55.360135,1023.0,0.0,0.0,0.0,0.0,0.0
2018-05-30 10:01:55.559853,1023.0,0.0,0.0,0.0,0.0,0.0
2018-05-30 10:01:55.758581,1023.0,0.0,0.0,0.0,0.0,0.0
2018-05-30 10:01:55.958299,1023.0,0.0,0.0,0.0,0.0,0.0
2018-05-30 10:01:56.157027,1023.0,0.0,0.0,0.0,0.0,0.0
2018-05-30 10:01:56.355756,1023.0,0.0,0.0,0.0,0.0,0.0
2018-05-30 10:01:56.555474,1023.0,0.0,0.0,0.0,0.0,0.0
2018-05-30 10:01:56.754202,1023.0,0.0,0.0,0.0,0.0,0.0
2018-05-30 10:01:56.965784,1023.0,0.0,0.0,0.0,0.0,0.0
2018-05-30 10:01:57.153637,1023.0,0.0,0.0,0.0,0.0,0.0
2018-05-30 10:01:57.352366,1023.0,0.0,0.0,0.0,0.0,0.0
2018-05-30 10:01:57.553072,1023.0,0.0,0.0,0.0,0.0,0.0
2018-05-30 10:01:57.752789,1023.0,0.0,0.0,0.0,0.0,0.0
2018-05-30 10:01:57.954484,1023.0,0.0,0.0,0.0,0.0,0.0
2018-05-30 10:01:58.153213,1023.0,0.0,0.0,0.0,0.0,0.0
2018-05-30 10:01:58.352930,1023.0,0.0,0.0,0.0,0.0,0.0
2018-05-30 10:01:58.554625,1023.0,0.0,0.0,0.0,0.0,0.0
2018-05-30 10:01:58.753354,1023.0,0.0,0.0,0.0,0.0,0.0
2018-05-30 10:01:58.954060,1023.0,0.0,0.0,0.0,0.0,0.0
2018-05-30 10:01:59.154766,1023.0,0.0,0.0,0.0,0.0,0.0
2018-05-30 10:01:59.352506,1023.0,0.0,0.0,0.0,0.0,0.0
2018-05-30 10:01:59.552223,1023.0,0.0,0.0,0.0,0.0,0.0
2018-05-30 10:01:59.750952,1023.0,0.0,0.0,0.0,0.0,0.0
2018-05-30 10:01:59.951658,1023.0,0.0,0.0,0.0,0.0,0.0
2018-05-30 10:02:00.150387,1023.0,0.0,0.0,0.0,0.0,0.0
2018-05-30 10:02:00.349115,1023.0,0.0,0.0,0.0,0.0,0.0
2018-05-30 10:02:00.548833,1023.0,0.0,0.0,0.0,0.0,0.0
2018-05-30 10:02:00.747562,1023.0,0.0,0.0,0.0,0.0,0.0
2018-05-30 10:02:00.947279,1023.0,0.0,0.0,0.0,0.0,0.0
2018-05-30 10:02:01.146996,1023.0,0.0,0.0,0.0,0.0,0.0
2018-05-30 10:02:01.345725,1023.0,0.0,0.0,0.0,0.0,0.0
2018-05-30 10:02:01.546431,1023.0,0.0,0.0,0.0,0.0,0.0
2018-05-30 10:02:01.746149,1023.0,0.0,0.0,0.0,0.0,0.0
2018-05-30 10:02:01.945866,1023.0,0.0,0.0,0.0,0.0,0.0
2018-05-30 10:02:02.145583,1023.0,0.0,0.0,0.0,0.0,0.0
2018-05-30 10:02:02.344312,1023.0,0.0,0.0,0.0,0.0,0.0
2018-05-30 10:02:02.545018,1023.0,0.0,0.0,0.0,0.0,0.0
2018-05-30 10:02:02.756600,1023.0,0.0,0.0,0.0,0.0,0.0
2018-05-30 10:02:02.956317,1023.0,0.0,0.0,0.0,0.0,0.0
2018-05-30 10:02:03.155046,1023.0,0.0,0.0,0.0,0.0,0.0
2018-05-30 10:02:03.353775,1023.0,0.0,0.0,0.0,0.0,0.0
2018-05-30 10:02:03.553492,1023.0,0.0,0.0,0.0,0.0,0.0
2018-05-30 10:02:03.752221,1023.0,0.0,0.0,0.0,0.0,0.0
2018-05-30 10:02:03.953916,1023.0,0.0,0.0,0.0,0.0,0.0
2018-05-30 10:02:04.153633,1023.0,0.0,0.0,0.0,0.0,0.0
2018-05-30 10:02:04.352362,1023.0,0.0,0.0,0.0,0.0,0.0
2018-05-30 10:02:04.554057,1023.0,0.0,0.0,0.0,0.0,0.0
2018-05-30 10:02:04.753774,1023.0,0.0,0.0,0.0,0.0,0.0
2018-05-30 10:02:04.954480,1023.0,0.0,0.0,0.0,0.0,0.0
2018-05-30 10:02:05.153209,1023.0,0.0,0.0,0.0,0.0,0.0
2018-05-30 10:02:05.357870,1023.0,0.0,0.0,0.0,0.0,0.0
2018-05-30 10:02:05.557587,1023.0,0.0,0.0,0.0,0.0,0.0
2018-05-30 10:02:05.756316,1023.0,0.0,0.0,0.0,0.0,0.0
2018-05-30 10:02:05.958011,1023.0,0.0,0.0,0.0,0.0,0.0
2018-05-30 10:02:06.157728,1023.0,0.0,0.0,0.0,0.0,0.0
2018-05-30 10:02:06.356457,1023.0,0.0,0.0,0.0,0.0,0.0
2018-05-30 10:02:06.556174,1023.0,0.0,0.0,0.0,0.0,0.0
2018-05-30 10:02:06.754903,1023.0,0.0,0.0,0.0,0.0,0.0
2018-05-30 10:02:06.954620,1023.0,0.0,0.0,0.0,0.0,0.0
2018-05-30 10:02:07.153349,1023.0,0.0,0.0,0.0,0.0,0.0
2018-05-30 10:02:07.352078,1023.0,0.0,0.0,0.0,0.0,0.0
2018-05-30 10:02:07.551795,1023.0,0.0,0.0,0.0,0.0,0.0
2018-05-30 10:02:07.751512,1023.0,0.0,0.0,0.0,0.0,0.0
2018-05-30 10:02:07.951230,1023.0,0.0,0.0,0.0,0.0,0.0
2018-05-30 10:02:08.149958,1023.0,0.0,0.0,0.0,0.0,0.0
2018-05-30 10:02:08.348687,1023.0,0.0,0.0,0.0,0.0,0.0
2018-05-30 10:02:08.548405,1023.0,0.0,0.0,0.0,0.0,0.0
2018-05-30 10:02:08.747133,1023.0,0.0,0.0,0.0,0.0,0.0
2018-05-30 10:02:08.946851,1023.0,0.0,0.0,0.0,0.0,0.0
2018-05-30 10:02:09.146568,1023.0,0.0,0.0,0.0,0.0,0.0
2018-05-30 10:02:09.345297,1023.0,0.0,0.0,0.0,0.0,0.0
2018-05-30 10:02:09.545014,1023.0,0.0,0.0,0.0,0.0,0.0
2018-05-30 10:02:09.743743,1023.0,0.0,0.0,0.0,0.0,0.0
2018-05-30 10:02:09.943460,1023.0,0.0,0.0,0.0,0.0,0.0
2018-05-30 10:02:10.142189,1023.0,0.0,0.0,0.0,0.0,0.0
2018-05-30 10:02:10.340918,1023.0,0.0,0.0,0.0,0.0,0.0
2018-05-30 10:02:10.552499,1023.0,0.0,0.0,0.0,0.0,0.0
2018-05-30 10:02:10.751228,1023.0,0.0,0.0,0.0,0.0,0.0
2018-05-30 10:02:10.951934,1023.0,0.0,0.0,0.0,0.0,0.0
2018-05-30 10:02:11.150663,1023.0,0.0,0.0,0.0,0.0,0.0
2018-05-30 10:02:11.349392,1023.0,0.0,0.0,0.0,0.0,0.0
2018-05-30 10:02:11.549109,1023.0,0.0,0.0,0.0,0.0,0.0
2018-05-30 10:02:11.747838,1023.0,0.0,0.0,0.0,0.0,0.0
2018-05-30 10:02:11.948544,1023.0,0.0,0.0,0.0,0.0,0.0
2018-05-30 10:02:12.147273,1023.0,0.0,0.0,0.0,0.0,0.0
2018-05-30 10:02:12.346001,1023.0,0.0,0.0,0.0,0.0,0.0
2018-05-30 10:02:12.545719,1023.0,0.0,0.0,0.0,0.0,0.0
2018-05-30 10:02:12.744447,1023.0,0.0,0.0,0.0,0.0,0.0
2018-05-30 10:02:12.944165,1023.0,0.0,0.0,0.0,0.0,0.0
2018-05-30 10:02:13.144871,1023.0,0.0,0.0,0.0,0.0,0.0
2018-05-30 10:02:13.344588,1023.0,0.0,0.0,0.0,0.0,0.0
2018-05-30 10:02:13.545294,1023.0,0.0,0.0,0.0,0.0,0.0
2018-05-30 10:02:13.744023,1023.0,0.0,0.0,0.0,0.0,0.0
2018-05-30 10:02:13.944729,1023.0,0.0,0.0,0.0,0.0,0.0
2018-05-30 10:02:14.144447,1023.0,0.0,0.0,0.0,0.0,0.0
2018-05-30 10:02:14.344164,1023.0,0.0,0.0,0.0,0.0,0.0
2018-05-30 10:02:14.546847,1023.0,0.0,0.0,0.0,0.0,0.0
2018-05-30 10:02:14.749531,1023.0,0.0,0.0,0.0,0.0,0.0
2018-05-30 10:02:14.949248,1023.0,0.0,0.0,0.0,0.0,0.0
2018-05-30 10:02:15.166762,1023.0,0.0,0.0,0.0,0.0,0.0
2018-05-30 10:02:15.366480,1023.0,0.0,0.0,0.0,0.0,0.0
2018-05-30 10:02:15.568175,1023.0,0.0,0.0,0.0,0.0,0.0
2018-05-30 10:02:15.766903,1023.0,0.0,0.0,0.0,0.0,0.0
2018-05-30 10:02:15.967609,1023.0,0.0,0.0,0.0,0.0,0.0
2018-05-30 10:02:16.168315,1023.0,0.0,0.0,0.0,0.0,0.0
2018-05-30 10:02:16.368033,1023.0,0.0,0.0,0.0,0.0,0.0
2018-05-30 10:02:16.569728,1023.0,0.0,0.0,0.0,0.0,0.0
2018-05-30 10:02:16.769445,1023.0,0.0,0.0,0.0,0.0,0.0
2018-05-30 10:02:16.969162,1023.0,0.0,0.0,0.0,0.0,0.0
2018-05-30 10:02:17.167891,1023.0,0.0,0.0,0.0,0.0,0.0
2018-05-30 10:02:17.366620,1023.0,0.0,0.0,0.0,0.0,0.0
2018-05-30 10:02:17.566337,1023.0,0.0,0.0,0.0,0.0,0.0
2018-05-30 10:02:17.765066,1023.0,0.0,0.0,0.0,0.0,0.0
2018-05-30 10:02:17.965772,1023.0,0.0,0.0,0.0,0.0,0.0
2018-05-30 10:02:18.165489,1023.0,0.0,0.0,0.0,0.0,0.0
2018-05-30 10:02:18.366196,1023.0,0.0,0.0,0.0,0.0,0.0
2018-05-30 10:02:18.566902,1023.0,0.0,0.0,0.0,0.0,0.0
2018-05-30 10:02:18.765630,1023.0,0.0,0.0,0.0,0.0,0.0
2018-05-30 10:02:18.970291,1023.0,0.0,0.0,0.0,0.0,0.0
2018-05-30 10:02:19.170009,1023.0,0.0,0.0,0.0,0.0,0.0
2018-05-30 10:02:19.368737,1023.0,0.0,0.0,0.0,0.0,0.0
2018-05-30 10:02:19.568455,1023.0,0.0,0.0,0.0,0.0,0.0
2018-05-30 10:02:19.767183,1023.0,0.0,0.0,0.0,0.0,0.0
2018-05-30 10:02:19.968878,1023.0,0.0,0.0,0.0,0.0,0.0
2018-05-30 10:02:20.166618,1023.0,0.0,0.0,0.0,0.0,0.0
2018-05-30 10:02:20.366336,1023.0,0.0,0.0,0.0,0.0,0.0
2018-05-30 10:02:20.567042,1023.0,0.0,0.0,0.0,0.0,0.0
2018-05-30 10:02:20.765770,1023.0,0.0,0.0,0.0,0.0,0.0
2018-05-30 10:02:20.966477,1023.0,0.0,0.0,0.0,0.0,0.0
2018-05-30 10:02:21.165205,1023.0,0.0,0.0,0.0,0.0,0.0
2018-05-30 10:02:21.363934,1023.0,0.0,0.0,0.0,0.0,0.0
2018-05-30 10:02:21.566617,1023.0,0.0,0.0,0.0,0.0,0.0
2018-05-30 10:02:21.768312,1023.0,0.0,0.0,0.0,0.0,0.0
2018-05-30 10:02:21.968030,1023.0,0.0,0.0,0.0,0.0,0.0
2018-05-30 10:02:22.166758,1023.0,0.0,0.0,0.0,0.0,0.0
2018-05-30 10:02:22.365487,1023.0,0.0,0.0,0.0,0.0,0.0
2018-05-30 10:02:22.566193,1023.0,0.0,0.0,0.0,0.0,0.0
2018-05-30 10:02:22.766899,1023.0,0.0,0.0,0.0,0.0,0.0
2018-05-30 10:02:22.965628,1023.0,0.0,0.0,0.0,0.0,0.0
2018-05-30 10:02:23.164357,1023.0,0.0,0.0,0.0,0.0,0.0
2018-05-30 10:02:23.363085,1023.0,0.0,0.0,0.0,0.0,0.0
2018-05-30 10:02:23.562803,1023.0,0.0,0.0,0.0,0.0,0.0
2018-05-30 10:02:23.761531,1023.0,0.0,0.0,0.0,0.0,0.0
2018-05-30 10:02:23.962238,1023.0,0.0,0.0,0.0,0.0,0.0
2018-05-30 10:02:24.160966,1023.0,0.0,0.0,0.0,0.0,0.0
2018-05-30 10:02:24.360684,1023.0,0.0,0.0,0.0,0.0,0.0
2018-05-30 10:02:24.560401,1023.0,0.0,0.0,0.0,0.0,0.0
2018-05-30 10:02:24.760118,1023.0,0.0,0.0,0.0,0.0,0.0
2018-05-30 10:02:25.019158,1023.0,0.0,0.0,0.0,0.0,0.0
2018-05-30 10:02:25.228762,1023.0,0.0,0.0,0.0,0.0,0.0
2018-05-30 10:02:25.427491,1023.0,0.0,0.0,0.0,0.0,0.0
2018-05-30 10:02:25.627208,1023.0,0.0,0.0,0.0,0.0,0.0
2018-05-30 10:02:25.825937,1023.0,0.0,0.0,0.0,0.0,0.0
2018-05-30 10:02:26.025654,1023.0,0.0,0.0,0.0,0.0,0.0
2018-05-30 10:02:26.225372,1023.0,0.0,0.0,0.0,0.0,0.0
2018-05-30 10:02:26.424101,1023.0,0.0,0.0,0.0,0.0,0.0
2018-05-30 10:02:26.624807,1023.0,0.0,0.0,0.0,0.0,0.0
2018-05-30 10:02:26.823535,1023.0,0.0,0.0,0.0,0.0,0.0
2018-05-30 10:02:27.023253,1023.0,0.0,0.0,0.0,0.0,0.0
2018-05-30 10:02:27.221981,1023.0,0.0,0.0,0.0,0.0,0.0
2018-05-30 10:02:27.420710,1023.0,0.0,0.0,0.0,0.0,0.0
2018-05-30 10:02:27.620428,1023.0,0.0,0.0,0.0,0.0,0.0
2018-05-30 10:02:27.819156,1023.0,0.0,0.0,0.0,0.0,0.0
2018-05-30 10:02:28.018874,1023.0,0.0,0.0,0.0,0.0,0.0
2018-05-30 10:02:28.218591,1023.0,0.0,0.0,0.0,0.0,0.0
2018-05-30 10:02:28.417320,1023.0,0.0,0.0,0.0,0.0,0.0
2018-05-30 10:02:28.617037,1023.0,0.0,0.0,0.0,0.0,0.0
2018-05-30 10:02:28.815766,1023.0,0.0,0.0,0.0,0.0,0.0
2018-05-30 10:02:29.015483,1023.0,0.0,0.0,0.0,0.0,0.0
2018-05-30 10:02:29.214212,1023.0,0.0,0.0,0.0,0.0,0.0
2018-05-30 10:02:29.412941,1023.0,0.0,0.0,0.0,0.0,0.0
2018-05-30 10:02:29.612658,1023.0,0.0,0.0,0.0,0.0,0.0
2018-05-30 10:02:29.811387,1023.0,0.0,0.0,0.0,0.0,0.0
2018-05-30 10:02:30.012093,1023.0,0.0,0.0,0.0,0.0,0.0
2018-05-30 10:02:30.210822,1023.0,0.0,0.0,0.0,0.0,0.0
2018-05-30 10:02:30.409550,1023.0,0.0,0.0,0.0,0.0,0.0
2018-05-30 10:02:30.609268,1023.0,0.0,0.0,0.0,0.0,0.0
2018-05-30 10:02:30.807996,1023.0,0.0,0.0,0.0,0.0,0.0
2018-05-30 10:02:31.007714,1023.0,0.0,0.0,0.0,0.0,0.0
2018-05-30 10:02:31.215341,1023.0,0.0,0.0,0.0,0.0,0.0
2018-05-30 10:02:31.414069,1023.0,0.0,0.0,0.0,0.0,0.0
2018-05-30 10:02:31.614776,1023.0,0.0,0.0,0.0,0.0,0.0
2018-05-30 10:02:31.813504,1023.0,0.0,0.0,0.0,0.0,0.0
2018-05-30 10:02:32.013222,1023.0,0.0,0.0,0.0,0.0,0.0
2018-05-30 10:02:32.211950,1023.0,0.0,0.0,0.0,0.0,0.0
2018-05-30 10:02:32.411668,1023.0,0.0,0.0,0.0,0.0,0.0
2018-05-30 10:02:32.611385,1023.0,0.0,0.0,0.0,0.0,0.0
2018-05-30 10:02:32.811103,1023.0,0.0,0.0,0.0,0.0,0.0
2018-05-30 10:02:33.010820,1023.0,0.0,0.0,0.0,0.0,0.0
2018-05-30 10:02:33.209549,1023.0,0.0,0.0,0.0,0.0,0.0
2018-05-30 10:02:33.408277,1023.0,0.0,0.0,0.0,0.0,0.0
2018-05-30 10:02:33.607995,1023.0,0.0,0.0,0.0,0.0,0.0
2018-05-30 10:02:33.806723,1023.0,0.0,0.0,0.0,0.0,0.0
2018-05-30 10:02:34.007430,1023.0,0.0,0.0,0.0,0.0,0.0
2018-05-30 10:02:34.207147,1023.0,0.0,0.0,0.0,0.0,0.0
2018-05-30 10:02:34.405876,1023.0,0.0,0.0,0.0,0.0,0.0
2018-05-30 10:02:34.605593,1023.0,0.0,0.0,0.0,0.0,0.0
2018-05-30 10:02:34.804322,1023.0,0.0,0.0,0.0,0.0,0.0
2018-05-30 10:02:35.009971,1023.0,0.0,0.0,0.0,0.0,0.0
2018-05-30 10:02:35.208700,1023.0,0.0,0.0,0.0,0.0,0.0
2018-05-30 10:02:35.407429,1023.0,0.0,0.0,0.0,0.0,0.0
2018-05-30 10:02:35.607146,1023.0,0.0,0.0,0.0,0.0,0.0
2018-05-30 10:02:35.810818,1023.0,0.0,0.0,0.0,0.0,0.0
2018-05-30 10:02:36.010536,1023.0,0.0,0.0,0.0,0.0,0.0
2018-05-30 10:02:36.209264,1023.0,0.0,0.0,0.0,0.0,0.0
2018-05-30 10:02:36.408982,1023.0,0.0,0.0,0.0,0.0,0.0
2018-05-30 10:02:36.607711,1023.0,0.0,0.0,0.0,0.0,0.0
2018-05-30 10:02:36.806439,1023.0,0.0,0.0,0.0,0.0,0.0
2018-05-30 10:02:37.007145,1023.0,0.0,0.0,0.0,0.0,0.0
2018-05-30 10:02:37.206863,1023.0,0.0,0.0,0.0,0.0,0.0
2018-05-30 10:02:37.404603,1023.0,0.0,0.0,0.0,0.0,0.0
2018-05-30 10:02:37.604320,1023.0,0.0,0.0,0.0,0.0,0.0
2018-05-30 10:02:37.803049,1023.0,0.0,0.0,0.0,0.0,0.0
2018-05-30 10:02:38.003755,1023.0,0.0,0.0,0.0,0.0,0.0
2018-05-30 10:02:38.202484,1023.0,0.0,0.0,0.0,0.0,0.0
2018-05-30 10:02:38.401212,1023.0,0.0,0.0,0.0,0.0,0.0
2018-05-30 10:02:38.600930,1023.0,0.0,0.0,0.0,0.0,0.0
2018-05-30 10:02:38.799658,1023.0,0.0,0.0,0.0,0.0,0.0
2018-05-30 10:02:39.000365,1023.0,0.0,0.0,0.0,0.0,0.0
2018-05-30 10:02:39.199093,1023.0,0.0,0.0,0.0,0.0,0.0
2018-05-30 10:02:39.397822,1023.0,0.0,0.0,0.0,0.0,0.0
2018-05-30 10:02:39.597539,1023.0,0.0,0.0,0.0,0.0,0.0
2018-05-30 10:02:39.796268,1023.0,0.0,0.0,0.0,0.0,0.0
2018-05-30 10:02:40.001918,1023.0,0.0,0.0,0.0,0.0,0.0
2018-05-30 10:02:40.200646,1023.0,0.0,0.0,0.0,0.0,0.0
2018-05-30 10:02:40.399375,1023.0,0.0,0.0,0.0,0.0,0.0
2018-05-30 10:02:40.600081,1023.0,0.0,0.0,0.0,0.0,0.0
2018-05-30 10:02:40.798810,1023.0,0.0,0.0,0.0,0.0,0.0
2018-05-30 10:02:40.997539,1023.0,0.0,0.0,0.0,0.0,0.0
2018-05-30 10:02:41.197256,1023.0,0.0,0.0,0.0,0.0,0.0
2018-05-30 10:02:41.396973,1023.0,0.0,0.0,0.0,0.0,0.0
2018-05-30 10:02:41.596691,1023.0,0.0,0.0,0.0,0.0,0.0
2018-05-30 10:02:41.801352,1023.0,0.0,0.0,0.0,0.0,0.0
2018-05-30 10:02:42.000080,1023.0,0.0,0.0,0.0,0.0,0.0
2018-05-30 10:02:42.200786,1023.0,0.0,0.0,0.0,0.0,0.0
2018-05-30 10:02:42.400504,1023.0,0.0,0.0,0.0,0.0,0.0
2018-05-30 10:02:42.601210,1023.0,0.0,0.0,0.0,0.0,0.0
2018-05-30 10:02:42.799939,1023.0,0.0,0.0,0.0,0.0,0.0
2018-05-30 10:02:42.998667,1023.0,0.0,0.0,0.0,0.0,0.0
2018-05-30 10:02:43.199373,1023.0,0.0,0.0,0.0,0.0,0.0
2018-05-30 10:02:43.399091,1023.0,0.0,0.0,0.0,0.0,0.0
2018-05-30 10:02:43.600786,1023.0,0.0,0.0,0.0,0.0,0.0
2018-05-30 10:02:43.800503,1023.0,0.0,0.0,0.0,0.0,0.0
2018-05-30 10:02:43.999232,1023.0,0.0,0.0,0.0,0.0,0.0
2018-05-30 10:02:44.213780,1023.0,0.0,0.0,0.0,0.0,0.0
2018-05-30 10:02:44.412508,1023.0,0.0,0.0,0.0,0.0,0.0
2018-05-30 10:02:44.612226,1023.0,0.0,0.0,0.0,0.0,0.0
2018-05-30 10:02:44.810954,1023.0,0.0,0.0,0.0,0.0,0.0
2018-05-30 10:02:45.014627,1023.0,0.0,0.0,0.0,0.0,0.0
2018-05-30 10:02:45.214344,1023.0,0.0,0.0,0.0,0.0,0.0
2018-05-30 10:02:45.414061,1023.0,0.0,0.0,0.0,0.0,0.0
2018-05-30 10:02:45.613779,1023.0,0.0,0.0,0.0,0.0,0.0
2018-05-30 10:02:45.812508,1023.0,0.0,0.0,0.0,0.0,0.0
2018-05-30 10:02:46.011236,1023.0,0.0,0.0,0.0,0.0,0.0
2018-05-30 10:02:46.210954,1023.0,0.0,0.0,0.0,0.0,0.0
2018-05-30 10:02:46.409682,1023.0,0.0,0.0,0.0,0.0,0.0
2018-05-30 10:02:46.610388,1023.0,0.0,0.0,0.0,0.0,0.0
2018-05-30 10:02:46.810106,1023.0,0.0,0.0,0.0,0.0,0.0
2018-05-30 10:02:47.010812,1023.0,0.0,0.0,0.0,0.0,0.0
2018-05-30 10:02:47.212507,1023.0,0.0,0.0,0.0,0.0,0.0
2018-05-30 10:02:47.411235,1023.0,0.0,0.0,0.0,0.0,0.0
2018-05-30 10:02:47.610953,1023.0,0.0,0.0,0.0,0.0,0.0
2018-05-30 10:02:47.809682,1023.0,0.0,0.0,0.0,0.0,0.0
2018-05-30 10:02:48.008410,1023.0,0.0,0.0,0.0,0.0,0.0
2018-05-30 10:02:48.209116,1023.0,0.0,0.0,0.0,0.0,0.0
2018-05-30 10:02:48.408834,1023.0,0.0,0.0,0.0,0.0,0.0
2018-05-30 10:02:48.608551,1023.0,0.0,0.0,0.0,0.0,0.0
2018-05-30 10:02:48.808269,1023.0,0.0,0.0,0.0,0.0,0.0
2018-05-30 10:02:49.006997,1023.0,0.0,0.0,0.0,0.0,0.0
2018-05-30 10:02:49.206715,1023.0,0.0,0.0,0.0,0.0,0.0
2018-05-30 10:02:49.406432,1023.0,0.0,0.0,0.0,0.0,0.0
2018-05-30 10:02:49.607138,1023.0,0.0,0.0,0.0,0.0,0.0
2018-05-30 10:02:49.806856,1023.0,0.0,0.0,0.0,0.0,0.0
2018-05-30 10:02:50.005584,1023.0,0.0,0.0,0.0,0.0,0.0
2018-05-30 10:02:50.205302,1023.0,0.0,0.0,0.0,0.0,0.0
2018-05-30 10:02:50.405019,1023.0,0.0,0.0,0.0,0.0,0.0
2018-05-30 10:02:50.605725,1023.0,0.0,0.0,0.0,0.0,0.0
2018-05-30 10:02:50.804454,1023.0,0.0,0.0,0.0,0.0,0.0
2018-05-30 10:02:51.003183,1023.0,0.0,0.0,0.0,0.0,0.0
2018-05-30 10:02:51.202900,1023.0,0.0,0.0,0.0,0.0,0.0
2018-05-30 10:02:51.401629,1023.0,0.0,0.0,0.0,0.0,0.0
2018-05-30 10:02:51.602335,1023.0,0.0,0.0,0.0,0.0,0.0
2018-05-30 10:02:51.802052,1023.0,0.0,0.0,0.0,0.0,0.0
2018-05-30 10:02:52.000781,1023.0,0.0,0.0,0.0,0.0,0.0
2018-05-30 10:02:52.200498,1023.0,0.0,0.0,0.0,0.0,0.0
2018-05-30 10:02:52.399227,1023.0,0.0,0.0,0.0,0.0,0.0
2018-05-30 10:02:52.603888,1023.0,0.0,0.0,0.0,0.0,0.0
2018-05-30 10:02:52.802617,1023.0,0.0,0.0,0.0,0.0,0.0
2018-05-30 10:02:53.001345,1023.0,0.0,0.0,0.0,0.0,0.0
2018-05-30 10:02:53.202051,1023.0,0.0,0.0,0.0,0.0,0.0
2018-05-30 10:02:53.400780,1023.0,0.0,0.0,0.0,0.0,0.0
2018-05-30 10:02:53.601486,1023.0,0.0,0.0,0.0,0.0,0.0
2018-05-30 10:02:53.800215,1023.0,0.0,0.0,0.0,0.0,0.0
2018-05-30 10:02:53.998944,1023.0,0.0,0.0,0.0,0.0,0.0
2018-05-30 10:02:54.198661,1023.0,0.0,0.0,0.0,0.0,0.0
2018-05-30 10:02:54.398378,1023.0,0.0,0.0,0.0,0.0,0.0
2018-05-30 10:02:54.598096,1023.0,0.0,0.0,0.0,0.0,0.0
2018-05-30 10:02:54.796824,1023.0,0.0,0.0,0.0,0.0,0.0
2018-05-30 10:02:54.995553,1023.0,0.0,0.0,0.0,0.0,0.0
2018-05-30 10:02:55.195271,1023.0,0.0,0.0,0.0,0.0,0.0
2018-05-30 10:02:55.393999,1023.0,0.0,0.0,0.0,0.0,0.0
2018-05-30 10:02:55.594705,1023.0,0.0,0.0,0.0,0.0,0.0
2018-05-30 10:02:55.796400,1023.0,0.0,0.0,0.0,0.0,0.0
2018-05-30 10:02:55.995129,1023.0,0.0,0.0,0.0,0.0,0.0
2018-05-30 10:02:56.194846,1023.0,0.0,0.0,0.0,0.0,0.0
2018-05-30 10:02:56.393575,1023.0,0.0,0.0,0.0,0.0,0.0
2018-05-30 10:02:56.593292,1023.0,0.0,0.0,0.0,0.0,0.0
2018-05-30 10:02:56.796965,1023.0,0.0,0.0,0.0,0.0,0.0
2018-05-30 10:02:56.995693,1023.0,0.0,0.0,0.0,0.0,0.0
2018-05-30 10:02:57.196399,1023.0,0.0,0.0,0.0,0.0,0.0
2018-05-30 10:02:57.395128,1023.0,0.0,0.0,0.0,0.0,0.0
2018-05-30 10:02:57.594845,1023.0,0.0,0.0,0.0,0.0,0.0
2018-05-30 10:02:57.793574,1023.0,0.0,0.0,0.0,0.0,0.0
2018-05-30 10:02:57.993292,1023.0,0.0,0.0,0.0,0.0,0.0
2018-05-30 10:02:58.193998,1023.0,0.0,0.0,0.0,0.0,0.0
2018-05-30 10:02:58.392726,1023.0,0.0,0.0,0.0,0.0,0.0
2018-05-30 10:02:58.593432,1023.0,0.0,0.0,0.0,0.0,0.0
2018-05-30 10:02:58.792161,1023.0,0.0,0.0,0.0,0.0,0.0
2018-05-30 10:02:58.990890,1023.0,0.0,0.0,0.0,0.0,0.0
2018-05-30 10:02:59.190607,1023.0,0.0,0.0,0.0,0.0,0.0
2018-05-30 10:02:59.390325,1023.0,0.0,0.0,0.0,0.0,0.0
2018-05-30 10:02:59.590042,1023.0,0.0,0.0,0.0,0.0,0.0
2018-05-30 10:02:59.788771,1023.0,0.0,0.0,0.0,0.0,0.0
2018-05-30 10:02:59.988488,1023.0,0.0,0.0,0.0,0.0,0.0
2018-05-30 10:03:00.187217,1023.0,0.0,0.0,0.0,0.0,0.0
2018-05-30 10:03:00.385946,1023.0,0.0,0.0,0.0,0.0,0.0
2018-05-30 10:03:00.585663,1023.0,0.0,0.0,0.0,0.0,0.0
2018-05-30 10:03:00.785380,1023.0,0.0,0.0,0.0,0.0,0.0
2018-05-30 10:03:00.984109,1023.0,0.0,0.0,0.0,0.0,0.0
2018-05-30 10:03:01.183826,1023.0,0.0,0.0,0.0,0.0,0.0
2018-05-30 10:03:01.384533,1023.0,0.0,0.0,0.0,0.0,0.0
2018-05-30 10:03:01.584250,1023.0,0.0,0.0,0.0,0.0,0.0
2018-05-30 10:03:01.782979,1023.0,0.0,0.0,0.0,0.0,0.0
2018-05-30 10:03:01.981707,1023.0,0.0,0.0,0.0,0.0,0.0
2018-05-30 10:03:02.182413,1023.0,0.0,0.0,0.0,0.0,0.0
2018-05-30 10:03:02.381142,1023.0,0.0,0.0,0.0,0.0,0.0
2018-05-30 10:03:02.580860,1023.0,0.0,0.0,0.0,0.0,0.0
2018-05-30 10:03:02.779588,1023.0,0.0,0.0,0.0,0.0,0.0
2018-05-30 10:03:02.979306,1023.0,0.0,0.0,0.0,0.0,0.0
2018-05-30 10:03:03.181989,1023.0,0.0,0.0,0.0,0.0,0.0
2018-05-30 10:03:03.380718,1023.0,0.0,0.0,0.0,0.0,0.0
2018-05-30 10:03:03.581424,1023.0,0.0,0.0,0.0,0.0,0.0
2018-05-30 10:03:03.780153,1023.0,0.0,0.0,0.0,0.0,0.0
2018-05-30 10:03:03.978881,1023.0,0.0,0.0,0.0,0.0,0.0
2018-05-30 10:03:04.179587,1023.0,0.0,0.0,0.0,0.0,0.0
2018-05-30 10:03:04.378316,1023.0,0.0,0.0,0.0,0.0,0.0
2018-05-30 10:03:04.580011,1023.0,0.0,0.0,0.0,0.0,0.0
2018-05-30 10:03:04.781706,1023.0,0.0,0.0,0.0,0.0,0.0
2018-05-30 10:03:04.980434,1023.0,0.0,0.0,0.0,0.0,0.0
2018-05-30 10:03:05.181141,1023.0,0.0,0.0,0.0,0.0,0.0
2018-05-30 10:03:05.379869,1023.0,0.0,0.0,0.0,0.0,0.0
2018-05-30 10:03:05.579587,1023.0,0.0,0.0,0.0,0.0,0.0
2018-05-30 10:03:05.778315,1023.0,0.0,0.0,0.0,0.0,0.0
2018-05-30 10:03:05.977044,1023.0,0.0,0.0,0.0,0.0,0.0
2018-05-30 10:03:06.178739,1023.0,0.0,0.0,0.0,0.0,0.0
2018-05-30 10:03:06.377468,1023.0,0.0,0.0,0.0,0.0,0.0
2018-05-30 10:03:06.576196,1023.0,0.0,0.0,0.0,0.0,0.0
2018-05-30 10:03:06.776902,1023.0,0.0,0.0,0.0,0.0,0.0
2018-05-30 10:03:06.975631,1023.0,0.0,0.0,0.0,0.0,0.0
2018-05-30 10:03:07.175348,1023.0,0.0,0.0,0.0,0.0,0.0
2018-05-30 10:03:07.374077,1023.0,0.0,0.0,0.0,0.0,0.0
2018-05-30 10:03:07.573795,1023.0,0.0,0.0,0.0,0.0,0.0
2018-05-30 10:03:07.772523,1023.0,0.0,0.0,0.0,0.0,0.0
2018-05-30 10:03:07.971252,1023.0,0.0,0.0,0.0,0.0,0.0
2018-05-30 10:03:08.171958,1023.0,0.0,0.0,0.0,0.0,0.0
2018-05-30 10:03:08.370687,1023.0,0.0,0.0,0.0,0.0,0.0
2018-05-30 10:03:08.570404,1023.0,0.0,0.0,0.0,0.0,0.0
2018-05-30 10:03:08.771110,1023.0,0.0,0.0,0.0,0.0,0.0
2018-05-30 10:03:08.969839,1023.0,0.0,0.0,0.0,0.0,0.0
2018-05-30 10:03:09.169556,1023.0,0.0,0.0,0.0,0.0,0.0
2018-05-30 10:03:09.372240,1023.0,0.0,0.0,0.0,0.0,0.0
2018-05-30 10:03:09.570969,1023.0,0.0,0.0,0.0,0.0,0.0
2018-05-30 10:03:09.770686,1023.0,0.0,0.0,0.0,0.0,0.0
2018-05-30 10:03:09.969415,1023.0,0.0,0.0,0.0,0.0,0.0
2018-05-30 10:03:10.169132,1023.0,0.0,0.0,0.0,0.0,0.0
2018-05-30 10:03:10.367861,1023.0,0.0,0.0,0.0,0.0,0.0
2018-05-30 10:03:10.567578,1023.0,0.0,0.0,0.0,0.0,0.0
2018-05-30 10:03:10.769273,1023.0,0.0,0.0,0.0,0.0,0.0
2018-05-30 10:03:10.967013,1023.0,0.0,0.0,0.0,0.0,0.0
2018-05-30 10:03:11.166730,1023.0,0.0,0.0,0.0,0.0,0.0
2018-05-30 10:03:11.365459,1023.0,0.0,0.0,0.0,0.0,0.0
2018-05-30 10:03:11.566165,1023.0,0.0,0.0,0.0,0.0,0.0
2018-05-30 10:03:11.766871,1023.0,0.0,0.0,0.0,0.0,0.0
2018-05-30 10:03:11.966589,1023.0,0.0,0.0,0.0,0.0,0.0
2018-05-30 10:03:12.166306,1023.0,0.0,0.0,0.0,0.0,0.0
2018-05-30 10:03:12.366023,1023.0,0.0,0.0,0.0,0.0,0.0
2018-05-30 10:03:12.563763,1023.0,0.0,0.0,0.0,0.0,0.0
2018-05-30 10:03:12.764470,1023.0,0.0,0.0,0.0,0.0,0.0
2018-05-30 10:03:12.963198,1023.0,0.0,0.0,0.0,0.0,0.0
2018-05-30 10:03:13.162916,1023.0,0.0,0.0,0.0,0.0,0.0
2018-05-30 10:03:13.361644,1023.0,0.0,0.0,0.0,0.0,0.0
2018-05-30 10:03:13.560373,1023.0,0.0,0.0,0.0,0.0,0.0
2018-05-30 10:03:13.760090,1023.0,0.0,0.0,0.0,0.0,0.0
2018-05-30 10:03:13.958819,1023.0,0.0,0.0,0.0,0.0,0.0
2018-05-30 10:03:14.160514,1023.0,0.0,0.0,0.0,0.0,0.0
2018-05-30 10:03:14.359243,1023.0,0.0,0.0,0.0,0.0,0.0
2018-05-30 10:03:14.561926,1023.0,0.0,0.0,0.0,0.0,0.0
2018-05-30 10:03:14.761644,1023.0,0.0,0.0,0.0,0.0,0.0
2018-05-30 10:03:14.960372,1023.0,0.0,0.0,0.0,0.0,0.0
2018-05-30 10:03:15.162067,1023.0,0.0,0.0,0.0,0.0,0.0
2018-05-30 10:03:15.360796,1023.0,0.0,0.0,0.0,0.0,0.0
2018-05-30 10:03:15.560513,1023.0,0.0,0.0,0.0,0.0,0.0
2018-05-30 10:03:15.761219,1023.0,0.0,0.0,0.0,0.0,0.0
2018-05-30 10:03:15.959948,1023.0,0.0,0.0,0.0,0.0,0.0
2018-05-30 10:03:16.159665,1023.0,0.0,0.0,0.0,0.0,0.0
2018-05-30 10:03:16.359383,1023.0,0.0,0.0,0.0,0.0,0.0
2018-05-30 10:03:16.561078,1023.0,0.0,0.0,0.0,0.0,0.0
2018-05-30 10:03:16.761784,1023.0,0.0,0.0,0.0,0.0,0.0
2018-05-30 10:03:16.960512,1023.0,0.0,0.0,0.0,0.0,0.0
2018-05-30 10:03:17.161218,1023.0,0.0,0.0,0.0,0.0,0.0
2018-05-30 10:03:17.362913,1023.0,0.0,0.0,0.0,0.0,0.0
2018-05-30 10:03:17.571529,1023.0,0.0,0.0,0.0,0.0,0.0
2018-05-30 10:03:17.771246,1023.0,0.0,0.0,0.0,0.0,0.0
2018-05-30 10:03:17.970964,1023.0,0.0,0.0,0.0,0.0,0.0
2018-05-30 10:03:18.171670,1023.0,0.0,0.0,0.0,0.0,0.0
2018-05-30 10:03:18.371387,1023.0,0.0,0.0,0.0,0.0,0.0
2018-05-30 10:03:18.571105,1023.0,0.0,0.0,0.0,0.0,0.0
2018-05-30 10:03:18.770822,1023.0,0.0,0.0,0.0,0.0,0.0
2018-05-30 10:03:18.969551,1023.0,0.0,0.0,0.0,0.0,0.0
2018-05-30 10:03:19.169268,1023.0,0.0,0.0,0.0,0.0,0.0
2018-05-30 10:03:19.367997,1023.0,0.0,0.0,0.0,0.0,0.0
2018-05-30 10:03:19.567714,1023.0,0.0,0.0,0.0,0.0,0.0
2018-05-30 10:03:19.768420,1023.0,0.0,0.0,0.0,0.0,0.0
2018-05-30 10:03:19.967149,1023.0,0.0,0.0,0.0,0.0,0.0
2018-05-30 10:03:20.166866,1023.0,0.0,0.0,0.0,0.0,0.0
2018-05-30 10:03:20.365595,1023.0,0.0,0.0,0.0,0.0,0.0
2018-05-30 10:03:20.564324,1023.0,0.0,0.0,0.0,0.0,0.0
2018-05-30 10:03:20.764041,1023.0,0.0,0.0,0.0,0.0,0.0
2018-05-30 10:03:20.962770,1023.0,0.0,0.0,0.0,0.0,0.0
2018-05-30 10:03:21.163476,1023.0,0.0,0.0,0.0,0.0,0.0
2018-05-30 10:03:21.362205,1023.0,0.0,0.0,0.0,0.0,0.0
2018-05-30 10:03:21.560933,1023.0,0.0,0.0,0.0,0.0,0.0
2018-05-30 10:03:21.760651,1023.0,0.0,0.0,0.0,0.0,0.0
2018-05-30 10:03:21.959380,1023.0,0.0,0.0,0.0,0.0,0.0
2018-05-30 10:03:22.159097,1023.0,0.0,0.0,0.0,0.0,0.0
2018-05-30 10:03:22.357826,1023.0,0.0,0.0,0.0,0.0,0.0
2018-05-30 10:03:22.556554,1023.0,0.0,0.0,0.0,0.0,0.0
2018-05-30 10:03:22.757260,1023.0,0.0,0.0,0.0,0.0,0.0
2018-05-30 10:03:22.956978,1023.0,0.0,0.0,0.0,0.0,0.0
2018-05-30 10:03:23.156695,1023.0,0.0,0.0,0.0,0.0,0.0
2018-05-30 10:03:23.355424,1023.0,0.0,0.0,0.0,0.0,0.0
2018-05-30 10:03:23.554153,1023.0,0.0,0.0,0.0,0.0,0.0
2018-05-30 10:03:23.754859,1023.0,0.0,0.0,0.0,0.0,0.0
2018-05-30 10:03:23.954576,1023.0,0.0,0.0,0.0,0.0,0.0
2018-05-30 10:03:24.154294,1023.0,0.0,0.0,0.0,0.0,0.0
2018-05-30 10:03:24.353022,1023.0,0.0,0.0,0.0,0.0,0.0
2018-05-30 10:03:24.551751,1023.0,0.0,0.0,0.0,0.0,0.0
2018-05-30 10:03:24.753446,1023.0,0.0,0.0,0.0,0.0,0.0
2018-05-30 10:03:24.952174,1023.0,0.0,0.0,0.0,0.0,0.0
2018-05-30 10:03:25.151892,1023.0,0.0,0.0,0.0,0.0,0.0
2018-05-30 10:03:25.350621,1023.0,0.0,0.0,0.0,0.0,0.0
2018-05-30 10:03:25.549349,1023.0,0.0,0.0,0.0,0.0,0.0
2018-05-30 10:03:25.749067,1023.0,0.0,0.0,0.0,0.0,0.0
2018-05-30 10:03:25.947795,1023.0,0.0,0.0,0.0,0.0,0.0
2018-05-30 10:03:26.148501,1023.0,0.0,0.0,0.0,0.0,0.0
2018-05-30 10:03:26.347230,1023.0,0.0,0.0,0.0,0.0,0.0
2018-05-30 10:03:26.545959,1023.0,0.0,0.0,0.0,0.0,0.0
2018-05-30 10:03:26.745676,1023.0,0.0,0.0,0.0,0.0,0.0
2018-05-30 10:03:26.944405,1023.0,0.0,0.0,0.0,0.0,0.0
2018-05-30 10:03:27.145111,1023.0,0.0,0.0,0.0,0.0,0.0
2018-05-30 10:03:27.343840,1023.0,0.0,0.0,0.0,0.0,0.0
2018-05-30 10:03:27.542568,1023.0,0.0,0.0,0.0,0.0,0.0
2018-05-30 10:03:27.742286,1023.0,0.0,0.0,0.0,0.0,0.0
2018-05-30 10:03:27.941015,1023.0,0.0,0.0,0.0,0.0,0.0
2018-05-30 10:03:28.141721,1023.0,0.0,0.0,0.0,0.0,0.0
2018-05-30 10:03:28.340449,1023.0,0.0,0.0,0.0,0.0,0.0
2018-05-30 10:03:28.539178,1023.0,0.0,0.0,0.0,0.0,0.0
2018-05-30 10:03:28.739884,1023.0,0.0,0.0,0.0,0.0,0.0
2018-05-30 10:03:28.941579,1023.0,0.0,0.0,0.0,0.0,0.0
2018-05-30 10:03:29.142285,1023.0,0.0,0.0,0.0,0.0,0.0
2018-05-30 10:03:29.341014,1023.0,0.0,0.0,0.0,0.0,0.0
2018-05-30 10:03:29.539742,1023.0,0.0,0.0,0.0,0.0,0.0
2018-05-30 10:03:29.739460,1023.0,0.0,0.0,0.0,0.0,0.0
2018-05-30 10:03:29.938189,1023.0,0.0,0.0,0.0,0.0,0.0
2018-05-30 10:03:30.137906,1023.0,0.0,0.0,0.0,0.0,0.0
2018-05-30 10:03:30.343556,1023.0,0.0,0.0,0.0,0.0,0.0
2018-05-30 10:03:30.542284,1023.0,0.0,0.0,0.0,0.0,0.0
2018-05-30 10:03:30.742002,1023.0,0.0,0.0,0.0,0.0,0.0
2018-05-30 10:03:30.940730,1023.0,0.0,0.0,0.0,0.0,0.0
2018-05-30 10:03:31.139459,1023.0,0.0,0.0,0.0,0.0,0.0
2018-05-30 10:03:31.339176,1023.0,0.0,0.0,0.0,0.0,0.0
2018-05-30 10:03:31.538894,1023.0,0.0,0.0,0.0,0.0,0.0
2018-05-30 10:03:31.738611,1023.0,0.0,0.0,0.0,0.0,0.0
2018-05-30 10:03:31.967990,1023.0,0.0,0.0,0.0,0.0,0.0
2018-05-30 10:03:32.228018,1023.0,0.0,0.0,0.0,0.0,0.0
2018-05-30 10:03:32.426746,1023.0,0.0,0.0,0.0,0.0,0.0
2018-05-30 10:03:32.625475,1023.0,0.0,0.0,0.0,0.0,0.0
2018-05-30 10:03:32.825193,1023.0,0.0,0.0,0.0,0.0,0.0
2018-05-30 10:03:33.023921,1023.0,0.0,0.0,0.0,0.0,0.0
2018-05-30 10:03:33.223639,1023.0,0.0,0.0,0.0,0.0,0.0
2018-05-30 10:03:33.422367,1023.0,0.0,0.0,0.0,0.0,0.0
2018-05-30 10:03:33.622085,1023.0,0.0,0.0,0.0,0.0,0.0
2018-05-30 10:03:33.821802,1023.0,0.0,0.0,0.0,0.0,0.0
2018-05-30 10:03:34.020531,1023.0,0.0,0.0,0.0,0.0,0.0
2018-05-30 10:03:34.220248,1023.0,0.0,0.0,0.0,0.0,0.0
2018-05-30 10:03:34.428864,1023.0,0.0,0.0,0.0,0.0,0.0
2018-05-30 10:03:34.627593,1023.0,0.0,0.0,0.0,0.0,0.0
2018-05-30 10:03:34.829287,1023.0,0.0,0.0,0.0,0.0,0.0
2018-05-30 10:03:35.028016,1023.0,0.0,0.0,0.0,0.0,0.0
2018-05-30 10:03:35.227734,1023.0,0.0,0.0,0.0,0.0,0.0
2018-05-30 10:03:35.426462,1023.0,0.0,0.0,0.0,0.0,0.0
2018-05-30 10:03:35.625191,1023.0,0.0,0.0,0.0,0.0,0.0
2018-05-30 10:03:35.824908,1023.0,0.0,0.0,0.0,0.0,0.0
2018-05-30 10:03:36.025614,1023.0,0.0,0.0,0.0,0.0,0.0
2018-05-30 10:03:36.225332,1023.0,0.0,0.0,0.0,0.0,0.0
2018-05-30 10:03:36.424061,1023.0,0.0,0.0,0.0,0.0,0.0
2018-05-30 10:03:36.623778,1023.0,0.0,0.0,0.0,0.0,0.0
2018-05-30 10:03:36.823495,1023.0,0.0,0.0,0.0,0.0,0.0
2018-05-30 10:03:37.023213,1023.0,0.0,0.0,0.0,0.0,0.0
2018-05-30 10:03:37.221941,1023.0,0.0,0.0,0.0,0.0,0.0
2018-05-30 10:03:37.420670,1023.0,0.0,0.0,0.0,0.0,0.0
2018-05-30 10:03:37.619399,1023.0,0.0,0.0,0.0,0.0,0.0
2018-05-30 10:03:37.820105,1023.0,0.0,0.0,0.0,0.0,0.0
2018-05-30 10:03:38.018834,1023.0,0.0,0.0,0.0,0.0,0.0
2018-05-30 10:03:38.219540,1023.0,0.0,0.0,0.0,0.0,0.0
2018-05-30 10:03:38.418268,1023.0,0.0,0.0,0.0,0.0,0.0
2018-05-30 10:03:38.616997,1023.0,0.0,0.0,0.0,0.0,0.0
2018-05-30 10:03:38.819681,1023.0,0.0,0.0,0.0,0.0,0.0
2018-05-30 10:03:39.019398,1023.0,0.0,0.0,0.0,0.0,0.0
2018-05-30 10:03:39.220104,1023.0,0.0,0.0,0.0,0.0,0.0
2018-05-30 10:03:39.418833,1023.0,0.0,0.0,0.0,0.0,0.0
2018-05-30 10:03:39.617562,1023.0,0.0,0.0,0.0,0.0,0.0
2018-05-30 10:03:39.817279,1023.0,0.0,0.0,0.0,0.0,0.0
2018-05-30 10:03:40.016008,1023.0,0.0,0.0,0.0,0.0,0.0
2018-05-30 10:03:40.216714,1023.0,0.0,0.0,0.0,0.0,0.0
2018-05-30 10:03:40.415442,1023.0,0.0,0.0,0.0,0.0,0.0
2018-05-30 10:03:40.614171,1023.0,0.0,0.0,0.0,0.0,0.0
2018-05-30 10:03:40.815866,1023.0,0.0,0.0,0.0,0.0,0.0
2018-05-30 10:03:41.014595,1023.0,0.0,0.0,0.0,0.0,0.0
2018-05-30 10:03:41.214312,1023.0,0.0,0.0,0.0,0.0,0.0
2018-05-30 10:03:41.413041,1023.0,0.0,0.0,0.0,0.0,0.0
2018-05-30 10:03:41.611769,1023.0,0.0,0.0,0.0,0.0,0.0
2018-05-30 10:03:41.812476,1023.0,0.0,0.0,0.0,0.0,0.0
2018-05-30 10:03:42.010216,1023.0,0.0,0.0,0.0,0.0,0.0
2018-05-30 10:03:42.209933,1023.0,0.0,0.0,0.0,0.0,0.0
2018-05-30 10:03:42.408662,1023.0,0.0,0.0,0.0,0.0,0.0
2018-05-30 10:03:42.607390,1023.0,0.0,0.0,0.0,0.0,0.0
2018-05-30 10:03:42.808096,1023.0,0.0,0.0,0.0,0.0,0.0
2018-05-30 10:03:43.009791,1023.0,0.0,0.0,0.0,0.0,0.0
2018-05-30 10:03:43.211486,1023.0,0.0,0.0,0.0,0.0,0.0
2018-05-30 10:03:43.409226,1023.0,0.0,0.0,0.0,0.0,0.0
2018-05-30 10:03:43.608943,1023.0,0.0,0.0,0.0,0.0,0.0
2018-05-30 10:03:43.808661,1023.0,0.0,0.0,0.0,0.0,0.0
2018-05-30 10:03:44.007390,1023.0,0.0,0.0,0.0,0.0,0.0
2018-05-30 10:03:44.212050,1023.0,0.0,0.0,0.0,0.0,0.0
2018-05-30 10:03:44.409790,1023.0,0.0,0.0,0.0,0.0,0.0
2018-05-30 10:03:44.608519,1023.0,0.0,0.0,0.0,0.0,0.0
2018-05-30 10:03:44.808237,1023.0,0.0,0.0,0.0,0.0,0.0
2018-05-30 10:03:45.006965,1023.0,0.0,0.0,0.0,0.0,0.0
2018-05-30 10:03:45.206683,1023.0,0.0,0.0,0.0,0.0,0.0
2018-05-30 10:03:45.405411,1023.0,0.0,0.0,0.0,0.0,0.0
2018-05-30 10:03:45.604140,1023.0,0.0,0.0,0.0,0.0,0.0
2018-05-30 10:03:45.804846,1023.0,0.0,0.0,0.0,0.0,0.0
2018-05-30 10:03:46.003575,1023.0,0.0,0.0,0.0,0.0,0.0
2018-05-30 10:03:46.204281,1023.0,0.0,0.0,0.0,0.0,0.0
2018-05-30 10:03:46.403010,1023.0,0.0,0.0,0.0,0.0,0.0
2018-05-30 10:03:46.601738,1023.0,0.0,0.0,0.0,0.0,0.0
2018-05-30 10:03:46.802444,1023.0,0.0,0.0,0.0,0.0,0.0
2018-05-30 10:03:47.001173,1023.0,0.0,0.0,0.0,0.0,0.0
2018-05-30 10:03:47.205834,1023.0,0.0,0.0,0.0,0.0,0.0
2018-05-30 10:03:47.405551,1023.0,0.0,0.0,0.0,0.0,0.0
2018-05-30 10:03:47.604280,1023.0,0.0,0.0,0.0,0.0,0.0
2018-05-30 10:03:47.803998,1023.0,0.0,0.0,0.0,0.0,0.0
2018-05-30 10:03:48.002726,1023.0,0.0,0.0,0.0,0.0,0.0
2018-05-30 10:03:48.202444,1023.0,0.0,0.0,0.0,0.0,0.0
2018-05-30 10:03:48.401172,1023.0,0.0,0.0,0.0,0.0,0.0
2018-05-30 10:03:48.599901,1023.0,0.0,0.0,0.0,0.0,0.0
2018-05-30 10:03:48.799618,1023.0,0.0,0.0,0.0,0.0,0.0
2018-05-30 10:03:48.998347,1023.0,0.0,0.0,0.0,0.0,0.0
2018-05-30 10:03:49.197076,1023.0,0.0,0.0,0.0,0.0,0.0
2018-05-30 10:03:49.396793,1023.0,0.0,0.0,0.0,0.0,0.0
2018-05-30 10:03:49.595522,1023.0,0.0,0.0,0.0,0.0,0.0
2018-05-30 10:03:49.795239,1023.0,0.0,0.0,0.0,0.0,0.0
2018-05-30 10:03:49.994957,1023.0,0.0,0.0,0.0,0.0,0.0
2018-05-30 10:03:50.193685,1023.0,0.0,0.0,0.0,0.0,0.0
2018-05-30 10:03:50.394392,1023.0,0.0,0.0,0.0,0.0,0.0
2018-05-30 10:03:50.593120,1023.0,0.0,0.0,0.0,0.0,0.0
2018-05-30 10:03:50.792838,1023.0,0.0,0.0,0.0,0.0,0.0
2018-05-30 10:03:50.991566,1023.0,0.0,0.0,0.0,0.0,0.0
2018-05-30 10:03:51.190295,1023.0,0.0,0.0,0.0,0.0,0.0
2018-05-30 10:03:51.397922,1023.0,0.0,0.0,0.0,0.0,0.0
2018-05-30 10:03:51.596651,1023.0,0.0,0.0,0.0,0.0,0.0
2018-05-30 10:03:51.797357,1023.0,0.0,0.0,0.0,0.0,0.0
2018-05-30 10:03:51.996086,1023.0,0.0,0.0,0.0,0.0,0.0
2018-05-30 10:03:52.195803,1023.0,0.0,0.0,0.0,0.0,0.0
2018-05-30 10:03:52.394532,1023.0,0.0,0.0,0.0,0.0,0.0
2018-05-30 10:03:52.594249,1023.0,0.0,0.0,0.0,0.0,0.0
2018-05-30 10:03:52.796933,1023.0,0.0,0.0,0.0,0.0,0.0
2018-05-30 10:03:52.995661,1023.0,0.0,0.0,0.0,0.0,0.0
2018-05-30 10:03:53.194390,1023.0,0.0,0.0,0.0,0.0,0.0
2018-05-30 10:03:53.394107,1023.0,0.0,0.0,0.0,0.0,0.0
2018-05-30 10:03:53.592836,1023.0,0.0,0.0,0.0,0.0,0.0
2018-05-30 10:03:53.792553,1023.0,0.0,0.0,0.0,0.0,0.0
2018-05-30 10:03:53.991282,1023.0,0.0,0.0,0.0,0.0,0.0
2018-05-30 10:03:54.196932,1023.0,0.0,0.0,0.0,0.0,0.0
2018-05-30 10:03:54.396649,1023.0,0.0,0.0,0.0,0.0,0.0
2018-05-30 10:03:54.596367,1023.0,0.0,0.0,0.0,0.0,0.0
2018-05-30 10:03:54.796084,1023.0,0.0,0.0,0.0,0.0,0.0
2018-05-30 10:03:54.997779,1023.0,0.0,0.0,0.0,0.0,0.0
2018-05-30 10:03:55.197496,1023.0,0.0,0.0,0.0,0.0,0.0
2018-05-30 10:03:55.399191,1023.0,0.0,0.0,0.0,0.0,0.0
2018-05-30 10:03:55.603852,1023.0,0.0,0.0,0.0,0.0,0.0
2018-05-30 10:03:55.804558,1023.0,0.0,0.0,0.0,0.0,0.0
2018-05-30 10:03:56.003287,1023.0,0.0,0.0,0.0,0.0,0.0
2018-05-30 10:03:56.202015,1023.0,0.0,0.0,0.0,0.0,0.0
2018-05-30 10:03:56.401733,1023.0,0.0,0.0,0.0,0.0,0.0
2018-05-30 10:03:56.600461,1023.0,0.0,0.0,0.0,0.0,0.0
2018-05-30 10:03:56.800179,1023.0,0.0,0.0,0.0,0.0,0.0
2018-05-30 10:03:56.998908,1023.0,0.0,0.0,0.0,0.0,0.0
2018-05-30 10:03:57.197636,1023.0,0.0,0.0,0.0,0.0,0.0
2018-05-30 10:03:57.397354,1023.0,0.0,0.0,0.0,0.0,0.0
2018-05-30 10:03:57.597071,1023.0,0.0,0.0,0.0,0.0,0.0
2018-05-30 10:03:57.796788,1023.0,0.0,0.0,0.0,0.0,0.0
2018-05-30 10:03:57.995517,1023.0,0.0,0.0,0.0,0.0,0.0
2018-05-30 10:03:58.194246,1023.0,0.0,0.0,0.0,0.0,0.0
2018-05-30 10:03:58.393963,1023.0,0.0,0.0,0.0,0.0,0.0
2018-05-30 10:03:58.592692,1023.0,0.0,0.0,0.0,0.0,0.0
2018-05-30 10:03:58.792409,1023.0,0.0,0.0,0.0,0.0,0.0
2018-05-30 10:03:58.991138,1023.0,0.0,0.0,0.0,0.0,0.0
2018-05-30 10:03:59.190855,1023.0,0.0,0.0,0.0,0.0,0.0
2018-05-30 10:03:59.391562,1023.0,0.0,0.0,0.0,0.0,0.0
2018-05-30 10:03:59.590290,1023.0,0.0,0.0,0.0,0.0,0.0
2018-05-30 10:03:59.790008,1023.0,0.0,0.0,0.0,0.0,0.0
2018-05-30 10:03:59.988736,1023.0,0.0,0.0,0.0,0.0,0.0
2018-05-30 10:04:00.188454,1023.0,0.0,0.0,0.0,0.0,0.0
2018-05-30 10:04:00.388171,1023.0,0.0,0.0,0.0,0.0,0.0
2018-05-30 10:04:00.587889,1023.0,0.0,0.0,0.0,0.0,0.0
2018-05-30 10:04:00.787606,1023.0,0.0,0.0,0.0,0.0,0.0
2018-05-30 10:04:00.986335,1023.0,0.0,0.0,0.0,0.0,0.0
2018-05-30 10:04:01.185063,1023.0,0.0,0.0,0.0,0.0,0.0
2018-05-30 10:04:01.384781,1023.0,0.0,0.0,0.0,0.0,0.0
2018-05-30 10:04:01.583509,1023.0,0.0,0.0,0.0,0.0,0.0
2018-05-30 10:04:01.783227,1023.0,0.0,0.0,0.0,0.0,0.0
2018-05-30 10:04:01.981956,1023.0,0.0,0.0,0.0,0.0,0.0
2018-05-30 10:04:02.180684,1023.0,0.0,0.0,0.0,0.0,0.0
2018-05-30 10:04:02.380402,1023.0,0.0,0.0,0.0,0.0,0.0
2018-05-30 10:04:02.579130,1023.0,0.0,0.0,0.0,0.0,0.0
2018-05-30 10:04:02.779836,1023.0,0.0,0.0,0.0,0.0,0.0
2018-05-30 10:04:02.978565,1023.0,0.0,0.0,0.0,0.0,0.0
2018-05-30 10:04:03.177294,1023.0,0.0,0.0,0.0,0.0,0.0
2018-05-30 10:04:03.377011,1023.0,0.0,0.0,0.0,0.0,0.0
2018-05-30 10:04:03.575740,1023.0,0.0,0.0,0.0,0.0,0.0
2018-05-30 10:04:03.775457,1023.0,0.0,0.0,0.0,0.0,0.0
2018-05-30 10:04:03.974186,1023.0,0.0,0.0,0.0,0.0,0.0
2018-05-30 10:04:04.182802,1023.0,0.0,0.0,0.0,0.0,0.0
2018-05-30 10:04:04.382519,1023.0,0.0,0.0,0.0,0.0,0.0
2018-05-30 10:04:04.581248,1023.0,0.0,0.0,0.0,0.0,0.0
2018-05-30 10:04:04.781954,1023.0,0.0,0.0,0.0,0.0,0.0
2018-05-30 10:04:04.980683,1023.0,0.0,0.0,0.0,0.0,0.0
2018-05-30 10:04:05.180400,1023.0,0.0,0.0,0.0,0.0,0.0
2018-05-30 10:04:05.381106,1023.0,0.0,0.0,0.0,0.0,0.0
2018-05-30 10:04:05.579835,1023.0,0.0,0.0,0.0,0.0,0.0
2018-05-30 10:04:05.780541,1023.0,0.0,0.0,0.0,0.0,0.0
2018-05-30 10:04:05.981247,1023.0,0.0,0.0,0.0,0.0,0.0
2018-05-30 10:04:06.179976,1023.0,0.0,0.0,0.0,0.0,0.0
2018-05-30 10:04:06.379693,1023.0,0.0,0.0,0.0,0.0,0.0
2018-05-30 10:04:06.578422,1023.0,0.0,0.0,0.0,0.0,0.0
2018-05-30 10:04:06.780117,1023.0,0.0,0.0,0.0,0.0,0.0
2018-05-30 10:04:06.979834,1023.0,0.0,0.0,0.0,0.0,0.0
2018-05-30 10:04:07.178563,1023.0,0.0,0.0,0.0,0.0,0.0
2018-05-30 10:04:07.378280,1023.0,0.0,0.0,0.0,0.0,0.0
2018-05-30 10:04:07.577009,1023.0,0.0,0.0,0.0,0.0,0.0
2018-05-30 10:04:07.776726,1023.0,0.0,0.0,0.0,0.0,0.0
2018-05-30 10:04:07.975455,1023.0,0.0,0.0,0.0,0.0,0.0
2018-05-30 10:04:08.174184,1023.0,0.0,0.0,0.0,0.0,0.0
2018-05-30 10:04:08.373901,1023.0,0.0,0.0,0.0,0.0,0.0
2018-05-30 10:04:08.573618,1023.0,0.0,0.0,0.0,0.0,0.0
2018-05-30 10:04:08.773336,1023.0,0.0,0.0,0.0,0.0,0.0
2018-05-30 10:04:08.972065,1023.0,0.0,0.0,0.0,0.0,0.0
2018-05-30 10:04:09.170793,1023.0,0.0,0.0,0.0,0.0,0.0
2018-05-30 10:04:09.372488,1023.0,0.0,0.0,0.0,0.0,0.0
2018-05-30 10:04:09.572205,1023.0,0.0,0.0,0.0,0.0,0.0
2018-05-30 10:04:09.772912,1023.0,0.0,0.0,0.0,0.0,0.0
2018-05-30 10:04:09.971640,1023.0,0.0,0.0,0.0,0.0,0.0
2018-05-30 10:04:10.171358,1023.0,0.0,0.0,0.0,0.0,0.0
2018-05-30 10:04:10.371075,1023.0,0.0,0.0,0.0,0.0,0.0
2018-05-30 10:04:10.569804,1023.0,0.0,0.0,0.0,0.0,0.0
2018-05-30 10:04:10.771499,1023.0,0.0,0.0,0.0,0.0,0.0
2018-05-30 10:04:10.970227,1023.0,0.0,0.0,0.0,0.0,0.0
2018-05-30 10:04:11.168956,1023.0,0.0,0.0,0.0,0.0,0.0
2018-05-30 10:04:11.368673,1023.0,0.0,0.0,0.0,0.0,0.0
2018-05-30 10:04:11.567402,1023.0,0.0,0.0,0.0,0.0,0.0
2018-05-30 10:04:11.767119,1023.0,0.0,0.0,0.0,0.0,0.0
2018-05-30 10:04:11.965848,1023.0,0.0,0.0,0.0,0.0,0.0
2018-05-30 10:04:12.165566,1023.0,0.0,0.0,0.0,0.0,0.0
2018-05-30 10:04:12.368249,1023.0,0.0,0.0,0.0,0.0,0.0
2018-05-30 10:04:12.566978,1023.0,0.0,0.0,0.0,0.0,0.0
2018-05-30 10:04:12.766695,1023.0,0.0,0.0,0.0,0.0,0.0
2018-05-30 10:04:12.965424,1023.0,0.0,0.0,0.0,0.0,0.0
2018-05-30 10:04:13.166130,1023.0,0.0,0.0,0.0,0.0,0.0
2018-05-30 10:04:13.365847,1023.0,0.0,0.0,0.0,0.0,0.0
2018-05-30 10:04:13.565565,1023.0,0.0,0.0,0.0,0.0,0.0
2018-05-30 10:04:13.766271,1023.0,0.0,0.0,0.0,0.0,0.0
2018-05-30 10:04:13.967966,1023.0,0.0,0.0,0.0,0.0,0.0
2018-05-30 10:04:14.167683,1023.0,0.0,0.0,0.0,0.0,0.0
2018-05-30 10:04:14.367400,1023.0,0.0,0.0,0.0,0.0,0.0
2018-05-30 10:04:14.566129,1023.0,0.0,0.0,0.0,0.0,0.0
2018-05-30 10:04:14.765847,1023.0,0.0,0.0,0.0,0.0,0.0
2018-05-30 10:04:14.964575,1023.0,0.0,0.0,0.0,0.0,0.0
2018-05-30 10:04:15.165281,1023.0,0.0,0.0,0.0,0.0,0.0
2018-05-30 10:04:15.365987,1023.0,0.0,0.0,0.0,0.0,0.0
2018-05-30 10:04:15.564716,1023.0,0.0,0.0,0.0,0.0,0.0
2018-05-30 10:04:15.764434,1023.0,0.0,0.0,0.0,0.0,0.0
2018-05-30 10:04:15.963162,1023.0,0.0,0.0,0.0,0.0,0.0
2018-05-30 10:04:16.162880,1023.0,0.0,0.0,0.0,0.0,0.0
2018-05-30 10:04:16.363586,1023.0,0.0,0.0,0.0,0.0,0.0
2018-05-30 10:04:16.562314,1023.0,0.0,0.0,0.0,0.0,0.0
2018-05-30 10:04:16.761043,1023.0,0.0,0.0,0.0,0.0,0.0
2018-05-30 10:04:16.960761,1023.0,0.0,0.0,0.0,0.0,0.0
2018-05-30 10:04:17.159489,1023.0,0.0,0.0,0.0,0.0,0.0
2018-05-30 10:04:17.359207,1023.0,0.0,0.0,0.0,0.0,0.0
2018-05-30 10:04:17.557935,1023.0,0.0,0.0,0.0,0.0,0.0
2018-05-30 10:04:17.756664,1023.0,0.0,0.0,0.0,0.0,0.0
2018-05-30 10:04:17.956381,1023.0,0.0,0.0,0.0,0.0,0.0
2018-05-30 10:04:18.156099,1023.0,0.0,0.0,0.0,0.0,0.0
2018-05-30 10:04:18.355816,1023.0,0.0,0.0,0.0,0.0,0.0
2018-05-30 10:04:18.554545,1023.0,0.0,0.0,0.0,0.0,0.0
2018-05-30 10:04:18.753274,1023.0,0.0,0.0,0.0,0.0,0.0
2018-05-30 10:04:18.952991,1023.0,0.0,0.0,0.0,0.0,0.0
2018-05-30 10:04:19.155675,1023.0,0.0,0.0,0.0,0.0,0.0
2018-05-30 10:04:19.360335,1023.0,0.0,0.0,0.0,0.0,0.0
2018-05-30 10:04:19.558075,1023.0,0.0,0.0,0.0,0.0,0.0
2018-05-30 10:04:19.756804,1023.0,0.0,0.0,0.0,0.0,0.0
2018-05-30 10:04:19.956522,1023.0,0.0,0.0,0.0,0.0,0.0
2018-05-30 10:04:20.155250,1023.0,0.0,0.0,0.0,0.0,0.0
2018-05-30 10:04:20.354968,1023.0,0.0,0.0,0.0,0.0,0.0
2018-05-30 10:04:20.553696,1023.0,0.0,0.0,0.0,0.0,0.0
2018-05-30 10:04:20.752425,1023.0,0.0,0.0,0.0,0.0,0.0
2018-05-30 10:04:20.952142,1023.0,0.0,0.0,0.0,0.0,0.0
2018-05-30 10:04:21.151860,1023.0,0.0,0.0,0.0,0.0,0.0
2018-05-30 10:04:21.351577,1023.0,0.0,0.0,0.0,0.0,0.0
2018-05-30 10:04:21.550306,1023.0,0.0,0.0,0.0,0.0,0.0
2018-05-30 10:04:21.751012,1023.0,0.0,0.0,0.0,0.0,0.0
2018-05-30 10:04:21.948752,1023.0,0.0,0.0,0.0,0.0,0.0
2018-05-30 10:04:22.148469,1023.0,0.0,0.0,0.0,0.0,0.0
2018-05-30 10:04:22.347198,1023.0,0.0,0.0,0.0,0.0,0.0
2018-05-30 10:04:22.546916,1023.0,0.0,0.0,0.0,0.0,0.0
2018-05-30 10:04:22.746633,1023.0,0.0,0.0,0.0,0.0,0.0
2018-05-30 10:04:22.946350,1023.0,0.0,0.0,0.0,0.0,0.0
2018-05-30 10:04:23.145079,1023.0,0.0,0.0,0.0,0.0,0.0
2018-05-30 10:04:23.344796,1023.0,0.0,0.0,0.0,0.0,0.0
2018-05-30 10:04:23.543525,1023.0,0.0,0.0,0.0,0.0,0.0
2018-05-30 10:04:23.742254,1023.0,0.0,0.0,0.0,0.0,0.0
2018-05-30 10:04:23.948892,1023.0,0.0,0.0,0.0,0.0,0.0
2018-05-30 10:04:24.147621,1023.0,0.0,0.0,0.0,0.0,0.0
2018-05-30 10:04:24.348327,1023.0,0.0,0.0,0.0,0.0,0.0
2018-05-30 10:04:24.547056,1023.0,0.0,0.0,0.0,0.0,0.0
2018-05-30 10:04:24.745784,1023.0,0.0,0.0,0.0,0.0,0.0
2018-05-30 10:04:24.965276,1023.0,0.0,0.0,0.0,0.0,0.0
2018-05-30 10:04:25.164004,1023.0,0.0,0.0,0.0,0.0,0.0
2018-05-30 10:04:25.363722,1023.0,0.0,0.0,0.0,0.0,0.0
