datetime,IP1,FC1,Volt FC1 ,Vtip,Itip,BV1
2018-05-29 18:01:07.663106,1023.0,2.5,0.0,12000.0,0.0,750.0
2018-05-29 18:01:07.776196,1023.0,2.5,0.0,12000.0,0.0,750.0
2018-05-29 18:01:07.934323,1023.0,2.5,0.0,12000.0,0.0,750.0
2018-05-29 18:01:08.141488,1023.0,2.5,0.0,12000.0,0.0,750.0
2018-05-29 18:01:08.348654,1023.0,2.5,0.0,12000.0,0.0,750.0
2018-05-29 18:01:08.548814,1023.0,2.5,0.0,12000.0,0.0,750.0
2018-05-29 18:01:08.749975,1023.0,2.5,0.0,12000.0,0.0,750.0
2018-05-29 18:01:08.951136,1023.0,2.5,0.0,12000.0,0.0,750.0
2018-05-29 18:01:09.153297,1023.0,2.5,0.0,12000.0,0.0,750.0
2018-05-29 18:01:09.354458,1023.0,2.5,0.0,12000.0,0.0,750.0
2018-05-29 18:01:09.555619,1023.0,2.5,0.0,12000.0,0.0,750.0
2018-05-29 18:01:09.756780,1023.0,2.5,0.0,12000.0,0.0,750.0
2018-05-29 18:01:09.957940,1023.0,2.5,0.0,12000.0,0.0,750.0
2018-05-29 18:01:10.160102,1023.0,2.5,0.0,12000.0,0.0,750.0
2018-05-29 18:01:10.362264,1023.0,2.5,0.0,12000.0,0.0,750.0
2018-05-29 18:01:10.563424,1023.0,2.5,0.0,12000.0,0.0,750.0
2018-05-29 18:01:10.765586,1023.0,2.5,0.0,12000.0,0.0,750.0
2018-05-29 18:01:10.967748,1023.0,2.5,0.0,12000.0,0.0,750.0
2018-05-29 18:01:11.168908,1023.0,2.5,0.0,12000.0,0.0,750.0
2018-05-29 18:01:11.374072,1023.0,2.5,0.0,12000.0,0.0,750.0
2018-05-29 18:01:11.571230,1023.0,2.5,0.0,12000.0,0.0,750.0
2018-05-29 18:01:11.772391,1023.0,2.5,0.0,12000.0,0.0,750.0
2018-05-29 18:01:11.973552,1023.0,2.5,0.0,12000.0,0.0,750.0
2018-05-29 18:01:12.174712,1023.0,2.5,0.0,12000.0,0.0,750.0
2018-05-29 18:01:12.375873,1023.0,2.5,0.0,12000.0,0.0,750.0
2018-05-29 18:01:12.578035,1023.0,2.5,0.0,12000.0,0.0,750.0
2018-05-29 18:01:12.785200,1023.0,2.5,0.0,12000.0,0.0,750.0
2018-05-29 18:01:12.981357,1023.0,2.5,0.0,12000.0,0.0,750.0
2018-05-29 18:01:13.183519,1023.0,2.5,0.0,12000.0,0.0,750.0
2018-05-29 18:01:13.384680,1023.0,2.5,0.0,12000.0,0.0,750.0
2018-05-29 18:01:13.585840,1023.0,2.5,0.0,12000.0,0.0,750.0
2018-05-29 18:01:13.787001,1023.0,2.5,0.0,12000.0,0.0,750.0
2018-05-29 18:01:13.989163,1023.0,2.5,0.0,12000.0,0.0,750.0
2018-05-29 18:01:14.192325,1023.0,2.5,0.0,12000.0,0.0,750.0
2018-05-29 18:01:14.393486,1023.0,2.5,0.0,12000.0,0.0,750.0
2018-05-29 18:01:14.595648,1023.0,2.5,0.0,12000.0,0.0,750.0
2018-05-29 18:01:14.800812,1023.0,2.5,0.0,12000.0,0.0,750.0
2018-05-29 18:01:14.997969,1023.0,2.5,0.0,12000.0,0.0,750.0
2018-05-29 18:01:15.199130,1023.0,2.5,0.0,12000.0,0.0,750.0
2018-05-29 18:01:15.400291,1023.0,2.5,0.0,12000.0,0.0,750.0
2018-05-29 18:01:15.602452,1023.0,2.5,0.0,12000.0,0.0,750.0
2018-05-29 18:01:15.806616,1023.0,2.5,0.0,12000.0,0.0,750.0
2018-05-29 18:01:16.018785,1023.0,2.5,0.0,12000.0,0.0,750.0
2018-05-29 18:01:16.219946,1023.0,2.5,0.0,12000.0,0.0,750.0
2018-05-29 18:01:16.421107,1023.0,2.5,0.0,12000.0,0.0,750.0
2018-05-29 18:01:16.626271,1023.0,2.5,0.0,12000.0,0.0,750.0
2018-05-29 18:01:16.824429,1023.0,2.5,0.0,12000.0,0.0,750.0
2018-05-29 18:01:17.025590,1023.0,2.5,0.0,12000.0,0.0,750.0
2018-05-29 18:01:17.227752,1023.0,2.5,0.0,12000.0,0.0,750.0
2018-05-29 18:01:17.429913,1023.0,2.5,0.0,12000.0,0.0,750.0
2018-05-29 18:01:17.631074,1023.0,2.5,0.0,12000.0,0.0,750.0
2018-05-29 18:01:17.832235,1023.0,2.5,0.0,12000.0,0.0,750.0
2018-05-29 18:01:18.035397,1023.0,2.5,0.0,12000.0,0.0,750.0
2018-05-29 18:01:18.235557,1023.0,2.5,0.0,12000.0,0.0,750.0
2018-05-29 18:01:18.439720,1023.0,2.5,0.0,12000.0,0.0,750.0
2018-05-29 18:01:18.644884,1023.0,2.5,0.0,12000.0,0.0,750.0
2018-05-29 18:01:18.842042,1023.0,2.5,0.0,12000.0,0.0,750.0
2018-05-29 18:01:19.043203,1023.0,2.5,0.0,12000.0,0.0,750.0
2018-05-29 18:01:19.244364,1023.0,2.5,0.0,12000.0,0.0,750.0
2018-05-29 18:01:19.445524,1023.0,2.5,0.0,12000.0,0.0,750.0
2018-05-29 18:01:19.646685,1023.0,2.5,0.0,12000.0,0.0,750.0
2018-05-29 18:01:19.847846,1023.0,2.5,0.0,12000.0,0.0,750.0
2018-05-29 18:01:20.053010,1023.0,2.5,0.0,12000.0,0.0,750.0
2018-05-29 18:01:20.251168,1023.0,2.5,0.0,12000.0,0.0,750.0
2018-05-29 18:01:20.452329,1023.0,2.5,0.0,12000.0,0.0,750.0
2018-05-29 18:01:20.653490,1023.0,2.5,0.0,12000.0,0.0,750.0
2018-05-29 18:01:20.854651,1023.0,2.5,0.0,12000.0,0.0,750.0
2018-05-29 18:01:21.055812,1023.0,2.5,0.0,12000.0,0.0,750.0
2018-05-29 18:01:21.256972,1023.0,2.5,0.0,12000.0,0.0,750.0
2018-05-29 18:01:21.458133,1023.0,2.5,0.0,12000.0,0.0,750.0
2018-05-29 18:01:21.659294,1023.0,2.5,0.0,12000.0,0.0,750.0
2018-05-29 18:01:21.860455,1023.0,2.5,0.0,12000.0,0.0,750.0
2018-05-29 18:01:22.062616,1023.0,2.5,0.0,12000.0,0.0,750.0
2018-05-29 18:01:22.264778,1023.0,2.5,0.0,12000.0,0.0,750.0
2018-05-29 18:01:22.465939,1023.0,2.5,0.0,12000.0,0.0,750.0
2018-05-29 18:01:22.667100,1023.0,2.5,0.0,12000.0,0.0,750.0
2018-05-29 18:01:22.871263,1023.0,2.5,0.0,12000.0,0.0,750.0
2018-05-29 18:01:23.070422,1023.0,2.5,0.0,12000.0,0.0,750.0
2018-05-29 18:01:23.271583,1023.0,2.5,0.0,12000.0,0.0,750.0
2018-05-29 18:01:23.472744,1023.0,2.5,0.0,12000.0,0.0,750.0
2018-05-29 18:01:23.673904,1023.0,2.5,0.0,12000.0,0.0,750.0
2018-05-29 18:01:23.876066,1023.0,2.5,0.0,12000.0,0.0,750.0
2018-05-29 18:01:24.077227,1023.0,2.5,0.0,12000.0,0.0,750.0
2018-05-29 18:01:24.280389,1023.0,2.5,0.0,12000.0,0.0,750.0
2018-05-29 18:01:24.483552,1023.0,2.5,0.0,12000.0,0.0,750.0
2018-05-29 18:01:24.684712,1023.0,2.5,0.0,12000.0,0.0,750.0
2018-05-29 18:01:24.888876,1023.0,2.5,0.0,12000.0,0.0,750.0
2018-05-29 18:01:25.087034,1023.0,2.5,0.0,12000.0,0.0,750.0
2018-05-29 18:01:25.288195,1023.0,2.5,0.0,12000.0,0.0,750.0
2018-05-29 18:01:25.489356,1023.0,2.5,0.0,12000.0,0.0,750.0
2018-05-29 18:01:25.690516,1023.0,2.5,0.0,12000.0,0.0,750.0
2018-05-29 18:01:25.892678,1023.0,2.5,0.0,12000.0,0.0,750.0
2018-05-29 18:01:26.092838,1023.0,2.5,0.0,12000.0,0.0,750.0
2018-05-29 18:01:26.297001,1023.0,2.5,0.0,12000.0,0.0,750.0
2018-05-29 18:01:26.495160,1023.0,2.5,0.0,12000.0,0.0,750.0
2018-05-29 18:01:26.697321,1023.0,2.5,0.0,12000.0,0.0,750.0
2018-05-29 18:01:26.898482,1023.0,2.5,0.0,12000.0,0.0,750.0
2018-05-29 18:01:27.099643,1023.0,2.5,0.0,12000.0,0.0,750.0
2018-05-29 18:01:27.300804,1023.0,2.5,0.0,12000.0,0.0,750.0
2018-05-29 18:01:27.502965,1023.0,2.5,0.0,12000.0,0.0,750.0
2018-05-29 18:01:27.706128,1023.0,2.5,0.0,12000.0,0.0,750.0
2018-05-29 18:01:27.905287,1023.0,2.5,0.0,12000.0,0.0,750.0
2018-05-29 18:01:28.107448,1023.0,2.5,0.0,12000.0,0.0,750.0
2018-05-29 18:01:28.308609,1023.0,2.5,0.0,12000.0,0.0,750.0
2018-05-29 18:01:28.509770,1023.0,2.5,0.0,12000.0,0.0,750.0
2018-05-29 18:01:28.711932,1023.0,2.5,0.0,12000.0,0.0,750.0
2018-05-29 18:01:28.913092,1023.0,2.5,0.0,12000.0,0.0,750.0
2018-05-29 18:01:29.159289,1023.0,2.5,0.0,12000.0,0.0,750.0
2018-05-29 18:01:29.323420,1023.0,2.5,0.0,12000.0,0.0,750.0
2018-05-29 18:01:29.521579,1023.0,2.5,0.0,12000.0,0.0,750.0
2018-05-29 18:01:29.722740,1023.0,2.5,0.0,12000.0,0.0,750.0
2018-05-29 18:01:29.923900,1023.0,2.5,0.0,12000.0,0.0,750.0
2018-05-29 18:01:30.125061,1023.0,2.5,0.0,12000.0,0.0,750.0
2018-05-29 18:01:30.328224,1023.0,2.5,0.0,12000.0,0.0,750.0
2018-05-29 18:01:30.543396,1023.0,2.5,0.0,12000.0,0.0,750.0
2018-05-29 18:01:33.054403,1023.0,2.5,0.0,12000.0,0.0,750.0
2018-05-29 18:01:33.063410,1023.0,2.5,0.0,12000.0,0.0,750.0
2018-05-29 18:01:33.071416,1023.0,2.5,0.0,12000.0,0.0,750.0
2018-05-29 18:01:33.079423,1023.0,2.5,0.0,12000.0,0.0,750.0
2018-05-29 18:01:33.087429,1023.0,2.5,0.0,12000.0,0.0,750.0
2018-05-29 18:01:33.095436,1023.0,2.5,0.0,12000.0,0.0,750.0
2018-05-29 18:01:33.115452,1023.0,2.5,0.0,12000.0,0.0,750.0
2018-05-29 18:01:33.136468,1023.0,2.5,0.0,12000.0,0.0,750.0
2018-05-29 18:01:33.146476,1023.0,2.5,0.0,12000.0,0.0,750.0
2018-05-29 18:01:33.154483,1023.0,2.5,0.0,12000.0,0.0,750.0
2018-05-29 18:01:33.163490,1023.0,2.5,0.0,12000.0,0.0,750.0
2018-05-29 18:01:33.211528,1023.0,2.5,0.0,12000.0,0.0,750.0
2018-05-29 18:01:33.275580,1023.0,2.5,0.0,12000.0,0.0,750.0
2018-05-29 18:01:33.380664,1023.0,2.5,0.0,12000.0,0.0,750.0
2018-05-29 18:01:33.581824,1023.0,2.5,0.0,12000.0,0.0,750.0
2018-05-29 18:01:33.782985,1023.0,2.5,0.0,12000.0,0.0,750.0
2018-05-29 18:01:33.987148,1023.0,2.5,0.0,12000.0,0.0,750.0
2018-05-29 18:01:34.191312,1023.0,2.5,0.0,12000.0,0.0,750.0
2018-05-29 18:01:34.392472,1023.0,2.5,0.0,12000.0,0.0,750.0
2018-05-29 18:01:34.593633,1023.0,2.5,0.0,12000.0,0.0,750.0
2018-05-29 18:01:34.794794,1023.0,2.5,0.0,12000.0,0.0,750.0
2018-05-29 18:01:34.995955,1023.0,2.5,0.0,12000.0,0.0,750.0
2018-05-29 18:01:35.201119,1023.0,2.5,0.0,12000.0,0.0,750.0
2018-05-29 18:01:35.398276,1023.0,2.5,0.0,12000.0,0.0,750.0
2018-05-29 18:01:35.599437,1023.0,2.5,0.0,12000.0,0.0,750.0
2018-05-29 18:01:35.800598,1023.0,2.5,0.0,12000.0,0.0,750.0
2018-05-29 18:01:36.163888,1023.0,2.5,0.0,12000.0,0.0,750.0
2018-05-29 18:01:36.203920,1023.0,2.5,0.0,12000.0,0.0,750.0
2018-05-29 18:01:36.595233,1023.0,2.5,0.0,12000.0,0.0,750.0
2018-05-29 18:01:36.607243,1023.0,2.5,0.0,12000.0,0.0,750.0
2018-05-29 18:01:36.808404,1023.0,2.5,0.0,12000.0,0.0,750.0
2018-05-29 18:01:37.179700,1023.0,2.5,0.0,12000.0,0.0,750.0
2018-05-29 18:01:37.238748,1023.0,2.5,0.0,12000.0,0.0,750.0
2018-05-29 18:01:37.412887,1023.0,2.5,0.0,12000.0,0.0,750.0
2018-05-29 18:01:37.618051,1023.0,2.5,0.0,12000.0,0.0,750.0
2018-05-29 18:01:37.815208,1023.0,2.5,0.0,12000.0,0.0,750.0
2018-05-29 18:01:38.016369,1023.0,2.5,0.0,12000.0,0.0,750.0
2018-05-29 18:01:38.217530,1023.0,2.5,0.0,12000.0,0.0,750.0
2018-05-29 18:01:38.419692,1023.0,2.5,0.0,12000.0,0.0,750.0
2018-05-29 18:01:38.621853,1023.0,2.5,0.0,12000.0,0.0,750.0
2018-05-29 18:01:39.553598,1023.0,2.5,0.0,12000.0,0.0,750.0
2018-05-29 18:01:39.565608,1023.0,2.5,0.0,12000.0,0.0,750.0
2018-05-29 18:01:39.593630,1023.0,2.5,0.0,12000.0,0.0,750.0
2018-05-29 18:01:39.603638,1023.0,2.5,0.0,12000.0,0.0,750.0
2018-05-29 18:01:39.655680,1023.0,2.5,0.0,12000.0,0.0,750.0
2018-05-29 18:01:39.859843,1023.0,2.5,0.0,12000.0,0.0,750.0
2018-05-29 18:01:40.061004,1023.0,2.5,0.0,12000.0,0.0,750.0
2018-05-29 18:01:40.262164,1023.0,2.5,0.0,12000.0,0.0,750.0
2018-05-29 18:01:40.466328,1023.0,2.5,0.0,12000.0,0.0,750.0
2018-05-29 18:01:40.667488,1023.0,2.5,0.0,12000.0,0.0,750.0
2018-05-29 18:01:40.869650,1023.0,2.5,0.0,12000.0,0.0,750.0
2018-05-29 18:01:41.069810,1023.0,2.5,0.0,12000.0,0.0,750.0
2018-05-29 18:01:41.270971,1023.0,2.5,0.0,12000.0,0.0,750.0
2018-05-29 18:01:41.473132,1023.0,2.5,0.0,12000.0,0.0,750.0
2018-05-29 18:01:41.674293,1023.0,2.5,0.0,12000.0,0.0,750.0
2018-05-29 18:01:41.875454,1023.0,2.5,0.0,12000.0,0.0,750.0
2018-05-29 18:01:42.077616,1023.0,2.5,0.0,12000.0,0.0,750.0
2018-05-29 18:01:42.278776,1023.0,2.5,0.0,12000.0,0.0,750.0
2018-05-29 18:01:42.480938,1023.0,2.5,0.0,12000.0,0.0,750.0
2018-05-29 18:01:42.682099,1023.0,2.5,0.0,12000.0,0.0,750.0
2018-05-29 18:01:42.886262,1023.0,2.5,0.0,12000.0,0.0,750.0
2018-05-29 18:01:43.088424,1023.0,2.5,0.0,12000.0,0.0,750.0
2018-05-29 18:01:43.289584,1023.0,2.5,0.0,12000.0,0.0,750.0
2018-05-29 18:01:43.493748,1023.0,2.5,0.0,12000.0,0.0,750.0
2018-05-29 18:01:43.691906,1023.0,2.5,0.0,12000.0,0.0,750.0
2018-05-29 18:01:43.893067,1023.0,2.5,0.0,12000.0,0.0,750.0
2018-05-29 18:01:44.094228,1023.0,2.5,0.0,12000.0,0.0,750.0
2018-05-29 18:01:44.296389,1023.0,2.5,0.0,12000.0,0.0,750.0
2018-05-29 18:01:44.497550,1023.0,2.5,0.0,12000.0,0.0,750.0
2018-05-29 18:01:44.698711,1023.0,2.5,0.0,12000.0,0.0,750.0
2018-05-29 18:01:44.902874,1023.0,2.5,0.0,12000.0,0.0,750.0
2018-05-29 18:01:45.101032,1023.0,2.5,0.0,12000.0,0.0,750.0
2018-05-29 18:01:45.302193,1023.0,2.5,0.0,12000.0,0.0,750.0
2018-05-29 18:01:45.503354,1023.0,2.5,0.0,12000.0,0.0,750.0
2018-05-29 18:01:45.707517,1023.0,2.5,0.0,12000.0,0.0,750.0
2018-05-29 18:01:45.981736,1023.0,2.5,0.0,12000.0,0.0,750.0
2018-05-29 18:01:46.109839,1023.0,2.5,0.0,12000.0,0.0,750.0
2018-05-29 18:01:46.311000,1023.0,2.5,0.0,12000.0,0.0,750.0
2018-05-29 18:01:46.513161,1023.0,2.5,0.0,12000.0,0.0,750.0
2018-05-29 18:01:46.714322,1023.0,2.5,0.0,12000.0,0.0,750.0
2018-05-29 18:01:46.915483,1023.0,2.5,0.0,12000.0,0.0,750.0
2018-05-29 18:01:47.116644,1023.0,2.5,0.0,12000.0,0.0,750.0
2018-05-29 18:01:47.320807,1023.0,2.5,0.0,12000.0,0.0,750.0
2018-05-29 18:01:47.518965,1023.0,2.5,0.0,12000.0,0.0,750.0
2018-05-29 18:01:47.721127,1023.0,2.5,0.0,12000.0,0.0,750.0
2018-05-29 18:01:47.921287,1023.0,2.5,0.0,12000.0,0.0,750.0
2018-05-29 18:01:48.122448,1023.0,2.5,0.0,12000.0,0.0,750.0
2018-05-29 18:01:48.323608,1023.0,2.5,0.0,12000.0,0.0,750.0
2018-05-29 18:01:48.525770,1023.0,2.5,0.0,12000.0,0.0,750.0
2018-05-29 18:01:48.729933,1023.0,2.5,0.0,12000.0,0.0,750.0
2018-05-29 18:01:48.928092,1023.0,2.5,0.0,12000.0,0.0,750.0
2018-05-29 18:01:49.130253,1023.0,2.5,0.0,12000.0,0.0,750.0
2018-05-29 18:01:49.331414,1023.0,2.5,0.0,12000.0,0.0,750.0
2018-05-29 18:01:49.532575,1023.0,2.5,0.0,12000.0,0.0,750.0
2018-05-29 18:01:49.733736,1023.0,2.5,0.0,12000.0,0.0,750.0
2018-05-29 18:01:49.935897,1023.0,2.5,0.0,12000.0,0.0,750.0
2018-05-29 18:01:50.153071,1023.0,2.5,0.0,12000.0,0.0,750.0
2018-05-29 18:01:50.338219,1023.0,2.5,0.0,12000.0,0.0,750.0
2018-05-29 18:01:50.539380,1023.0,2.5,0.0,12000.0,0.0,750.0
2018-05-29 18:01:50.740540,1023.0,2.5,0.0,12000.0,0.0,750.0
2018-05-29 18:01:50.941701,1023.0,2.5,0.0,12000.0,0.0,750.0
2018-05-29 18:01:51.143863,1023.0,2.5,0.0,12000.0,0.0,750.0
2018-05-29 18:01:51.346024,1023.0,2.5,0.0,12000.0,0.0,750.0
2018-05-29 18:01:51.549187,1023.0,2.5,0.0,12000.0,0.0,750.0
2018-05-29 18:01:51.749347,1023.0,2.5,0.0,12000.0,0.0,750.0
2018-05-29 18:01:51.951508,1023.0,2.5,0.0,12000.0,0.0,750.0
2018-05-29 18:01:52.156672,1023.0,2.5,0.0,12000.0,0.0,750.0
2018-05-29 18:01:52.356832,1023.0,2.5,0.0,12000.0,0.0,750.0
2018-05-29 18:01:52.557993,1023.0,2.5,0.0,12000.0,0.0,750.0
2018-05-29 18:01:52.759154,1023.0,2.5,0.0,12000.0,0.0,750.0
2018-05-29 18:01:52.960315,1023.0,2.5,0.0,12000.0,0.0,750.0
2018-05-29 18:01:53.162476,1023.0,2.5,0.0,12000.0,0.0,750.0
2018-05-29 18:01:53.363637,1023.0,2.5,0.0,12000.0,0.0,750.0
2018-05-29 18:01:53.565799,1023.0,2.5,0.0,12000.0,0.0,750.0
2018-05-29 18:01:53.765959,1023.0,2.5,0.0,12000.0,0.0,750.0
2018-05-29 18:01:53.967120,1023.0,2.5,0.0,12000.0,0.0,750.0
2018-05-29 18:01:54.174285,1023.0,2.5,0.0,12000.0,0.0,750.0
2018-05-29 18:01:54.371443,1023.0,2.5,0.0,12000.0,0.0,750.0
2018-05-29 18:01:54.572604,1023.0,2.5,0.0,12000.0,0.0,750.0
2018-05-29 18:01:54.773764,1023.0,2.5,0.0,12000.0,0.0,750.0
2018-05-29 18:01:54.974925,1023.0,2.5,0.0,12000.0,0.0,750.0
2018-05-29 18:01:55.176086,1023.0,2.5,0.0,12000.0,0.0,750.0
2018-05-29 18:01:55.377247,1023.0,2.5,0.0,12000.0,0.0,750.0
2018-05-29 18:01:55.578408,1023.0,2.5,0.0,12000.0,0.0,750.0
2018-05-29 18:01:55.779568,1023.0,2.5,0.0,12000.0,0.0,750.0
2018-05-29 18:01:55.980729,1023.0,2.5,0.0,12000.0,0.0,750.0
2018-05-29 18:01:56.182891,1023.0,2.5,0.0,12000.0,0.0,750.0
2018-05-29 18:01:56.384052,1023.0,2.5,0.0,12000.0,0.0,750.0
2018-05-29 18:01:56.584212,1023.0,2.5,0.0,12000.0,0.0,750.0
2018-05-29 18:01:56.785372,1023.0,2.5,0.0,12000.0,0.0,750.0
2018-05-29 18:01:56.986533,1023.0,2.5,0.0,12000.0,0.0,750.0
2018-05-29 18:01:57.190696,1023.0,2.5,0.0,12000.0,0.0,750.0
2018-05-29 18:01:57.391857,1023.0,2.5,0.0,12000.0,0.0,750.0
2018-05-29 18:01:57.594019,1023.0,2.5,0.0,12000.0,0.0,750.0
2018-05-29 18:01:57.796180,1023.0,2.5,0.0,12000.0,0.0,750.0
2018-05-29 18:01:57.997341,1023.0,2.5,0.0,12000.0,0.0,750.0
2018-05-29 18:01:58.199503,1023.0,2.5,0.0,12000.0,0.0,750.0
2018-05-29 18:01:58.403666,1023.0,2.5,0.0,12000.0,0.0,750.0
2018-05-29 18:01:58.604827,1023.0,2.5,0.0,12000.0,0.0,750.0
2018-05-29 18:01:58.805988,1023.0,2.5,0.0,12000.0,0.0,750.0
2018-05-29 18:01:59.010151,1023.0,2.5,0.0,12000.0,0.0,750.0
2018-05-29 18:01:59.208309,1023.0,2.5,0.0,12000.0,0.0,750.0
2018-05-29 18:01:59.409470,1023.0,2.5,0.0,12000.0,0.0,750.0
2018-05-29 18:01:59.611632,1023.0,2.5,0.0,12000.0,0.0,750.0
2018-05-29 18:01:59.814794,1023.0,2.5,0.0,12000.0,0.0,750.0
2018-05-29 18:02:00.015881,1023.0,2.5,0.0,12000.0,0.0,750.0
2018-05-29 18:02:00.217921,1023.0,2.5,0.0,12000.0,0.0,750.0
2018-05-29 18:02:00.419962,1023.0,2.5,0.0,12000.0,0.0,750.0
2018-05-29 18:02:00.621002,1023.0,2.5,0.0,12000.0,0.0,750.0
2018-05-29 18:02:00.823042,1023.0,2.5,0.0,12000.0,0.0,750.0
2018-05-29 18:02:01.027083,1023.0,2.5,0.0,12000.0,0.0,750.0
2018-05-29 18:02:01.228123,1023.0,2.5,0.0,12000.0,0.0,750.0
2018-05-29 18:02:01.430164,1023.0,2.5,0.0,12000.0,0.0,750.0
2018-05-29 18:02:01.634205,1023.0,2.5,0.0,12000.0,0.0,750.0
2018-05-29 18:02:01.831244,1023.0,2.5,0.0,12000.0,0.0,750.0
2018-05-29 18:02:02.032284,1023.0,2.5,0.0,12000.0,0.0,750.0
2018-05-29 18:02:02.233324,1023.0,2.5,0.0,12000.0,0.0,750.0
2018-05-29 18:02:02.434365,1023.0,2.5,0.0,12000.0,0.0,750.0
2018-05-29 18:02:02.640406,1023.0,2.5,0.0,12000.0,0.0,750.0
2018-05-29 18:02:02.841446,1023.0,2.5,0.0,12000.0,0.0,750.0
2018-05-29 18:02:03.043486,1023.0,2.5,0.0,12000.0,0.0,750.0
2018-05-29 18:02:03.244527,1023.0,2.5,0.0,12000.0,0.0,750.0
2018-05-29 18:02:03.445567,1023.0,2.5,0.0,12000.0,0.0,750.0
2018-05-29 18:02:03.650608,1023.0,2.5,0.0,12000.0,0.0,750.0
2018-05-29 18:02:03.847647,1023.0,2.5,0.0,12000.0,0.0,750.0
2018-05-29 18:02:04.052688,1023.0,2.5,0.0,12000.0,0.0,750.0
2018-05-29 18:02:04.253728,1023.0,2.5,0.0,12000.0,0.0,750.0
2018-05-29 18:02:04.454769,1023.0,2.5,0.0,12000.0,0.0,750.0
2018-05-29 18:02:04.656809,1023.0,2.5,0.0,12000.0,0.0,750.0
2018-05-29 18:02:04.856849,1023.0,2.5,0.0,12000.0,0.0,750.0
2018-05-29 18:02:05.058889,1023.0,2.5,0.0,12000.0,0.0,750.0
2018-05-29 18:02:05.259930,1023.0,2.5,0.0,12000.0,0.0,750.0
2018-05-29 18:02:05.461970,1023.0,2.5,0.0,12000.0,0.0,750.0
2018-05-29 18:02:05.662010,1023.0,2.5,0.0,12000.0,0.0,750.0
2018-05-29 18:02:05.863050,1023.0,2.5,0.0,12000.0,0.0,750.0
2018-05-29 18:02:06.064090,1023.0,2.5,0.0,12000.0,0.0,750.0
2018-05-29 18:02:06.265131,1023.0,2.5,0.0,12000.0,0.0,750.0
2018-05-29 18:02:06.467171,1023.0,2.5,0.0,12000.0,0.0,750.0
2018-05-29 18:02:06.667211,1023.0,2.5,0.0,12000.0,0.0,750.0
2018-05-29 18:02:06.873252,1023.0,2.5,0.0,12000.0,0.0,750.0
2018-05-29 18:02:07.076293,1023.0,2.5,0.0,12000.0,0.0,750.0
2018-05-29 18:02:07.278333,1023.0,2.5,0.0,12000.0,0.0,750.0
2018-05-29 18:02:07.478373,1023.0,2.5,0.0,12000.0,0.0,750.0
2018-05-29 18:02:07.683414,1023.0,2.5,0.0,12000.0,0.0,750.0
2018-05-29 18:02:07.880454,1023.0,2.5,0.0,12000.0,0.0,750.0
2018-05-29 18:02:08.081494,1023.0,2.5,0.0,12000.0,0.0,750.0
2018-05-29 18:02:08.282534,1023.0,2.5,0.0,12000.0,0.0,750.0
2018-05-29 18:02:08.484574,1023.0,2.5,0.0,12000.0,0.0,750.0
2018-05-29 18:02:08.685615,1023.0,2.5,0.0,12000.0,0.0,750.0
2018-05-29 18:02:08.886655,1023.0,2.5,0.0,12000.0,0.0,750.0
2018-05-29 18:02:09.089695,1023.0,2.5,0.0,12000.0,0.0,750.0
2018-05-29 18:02:09.290736,1023.0,2.5,0.0,12000.0,0.0,750.0
2018-05-29 18:02:09.492776,1023.0,2.5,0.0,12000.0,0.0,750.0
2018-05-29 18:02:09.693816,1023.0,2.5,0.0,12000.0,0.0,750.0
2018-05-29 18:02:09.894856,1023.0,2.5,0.0,12000.0,0.0,750.0
2018-05-29 18:02:10.100898,1023.0,2.5,0.0,12000.0,0.0,750.0
2018-05-29 18:02:10.301938,1023.0,2.5,0.0,12000.0,0.0,750.0
2018-05-29 18:02:10.502978,1023.0,2.5,0.0,12000.0,0.0,750.0
2018-05-29 18:02:10.704018,1023.0,2.5,0.0,12000.0,0.0,750.0
2018-05-29 18:02:10.905058,1023.0,2.5,0.0,12000.0,0.0,750.0
2018-05-29 18:02:11.110099,1023.0,2.5,0.0,12000.0,0.0,750.0
2018-05-29 18:02:11.312140,1023.0,2.5,0.0,12000.0,0.0,750.0
2018-05-29 18:02:11.514180,1023.0,2.5,0.0,12000.0,0.0,750.0
2018-05-29 18:02:11.716221,1023.0,2.5,0.0,12000.0,0.0,750.0
2018-05-29 18:02:11.916261,1023.0,2.5,0.0,12000.0,0.0,750.0
2018-05-29 18:02:12.117301,1023.0,2.5,0.0,12000.0,0.0,750.0
2018-05-29 18:02:12.318341,1023.0,2.5,0.0,12000.0,0.0,750.0
2018-05-29 18:02:12.520381,1023.0,2.5,0.0,12000.0,0.0,750.0
2018-05-29 18:02:12.720421,1023.0,2.5,0.0,12000.0,0.0,750.0
2018-05-29 18:02:12.923462,1023.0,2.5,0.0,12000.0,0.0,750.0
2018-05-29 18:02:13.125502,1023.0,2.5,0.0,12000.0,0.0,750.0
2018-05-29 18:02:13.326543,1023.0,2.5,0.0,12000.0,0.0,750.0
2018-05-29 18:02:13.527583,1023.0,2.5,0.0,12000.0,0.0,750.0
2018-05-29 18:02:13.732624,1023.0,2.5,0.0,12000.0,0.0,750.0
2018-05-29 18:02:13.929663,1023.0,2.5,0.0,12000.0,0.0,750.0
2018-05-29 18:02:14.131704,1023.0,2.5,0.0,12000.0,0.0,750.0
2018-05-29 18:02:14.332744,1023.0,2.5,0.0,12000.0,0.0,750.0
2018-05-29 18:02:14.533784,1023.0,2.5,0.0,12000.0,0.0,750.0
2018-05-29 18:02:14.734824,1023.0,2.5,0.0,12000.0,0.0,750.0
2018-05-29 18:02:14.935864,1023.0,2.5,0.0,12000.0,0.0,750.0
2018-05-29 18:02:15.140905,1023.0,2.5,0.0,12000.0,0.0,750.0
2018-05-29 18:02:15.339945,1023.0,2.5,0.0,12000.0,0.0,750.0
2018-05-29 18:02:15.540985,1023.0,2.5,0.0,12000.0,0.0,750.0
2018-05-29 18:02:15.742026,1023.0,2.5,0.0,12000.0,0.0,750.0
2018-05-29 18:02:15.943066,1023.0,2.5,0.0,12000.0,0.0,750.0
2018-05-29 18:02:16.145106,1023.0,2.5,0.0,12000.0,0.0,750.0
2018-05-29 18:02:16.347147,1023.0,2.5,0.0,12000.0,0.0,750.0
2018-05-29 18:02:16.549187,1023.0,2.5,0.0,12000.0,0.0,750.0
2018-05-29 18:02:16.749227,1023.0,2.5,0.0,12000.0,0.0,750.0
2018-05-29 18:02:16.950267,1023.0,2.5,0.0,12000.0,0.0,750.0
2018-05-29 18:02:17.151307,1023.0,2.5,0.0,12000.0,0.0,750.0
2018-05-29 18:02:17.352348,1023.0,2.5,0.0,12000.0,0.0,750.0
2018-05-29 18:02:17.553388,1023.0,2.5,0.0,12000.0,0.0,750.0
2018-05-29 18:02:17.754428,1023.0,2.5,0.0,12000.0,0.0,750.0
2018-05-29 18:02:17.956468,1023.0,2.5,0.0,12000.0,0.0,750.0
2018-05-29 18:02:18.156508,1023.0,2.5,0.0,12000.0,0.0,750.0
2018-05-29 18:02:18.357549,1023.0,2.5,0.0,12000.0,0.0,750.0
2018-05-29 18:02:18.558589,1023.0,2.5,0.0,12000.0,0.0,750.0
2018-05-29 18:02:18.760629,1023.0,2.5,0.0,12000.0,0.0,750.0
2018-05-29 18:02:18.960669,1023.0,2.5,0.0,12000.0,0.0,750.0
2018-05-29 18:02:19.161709,1023.0,2.5,0.0,12000.0,0.0,750.0
2018-05-29 18:02:19.364750,1023.0,2.5,0.0,12000.0,0.0,750.0
2018-05-29 18:02:19.588795,1023.0,2.5,0.0,12000.0,0.0,750.0
2018-05-29 18:02:19.787835,1023.0,2.5,0.0,12000.0,0.0,750.0
2018-05-29 18:02:19.988875,1023.0,2.5,0.0,12000.0,0.0,750.0
2018-05-29 18:02:20.189915,1023.0,2.5,0.0,12000.0,0.0,750.0
2018-05-29 18:02:20.390955,1023.0,2.5,0.0,12000.0,0.0,750.0
2018-05-29 18:02:20.591995,1023.0,2.5,0.0,12000.0,0.0,750.0
2018-05-29 18:02:20.793036,1023.0,2.5,0.0,12000.0,0.0,750.0
2018-05-29 18:02:20.997076,1023.0,2.5,0.0,12000.0,0.0,750.0
2018-05-29 18:02:21.196116,1023.0,2.5,0.0,12000.0,0.0,750.0
2018-05-29 18:02:21.397156,1023.0,2.5,0.0,12000.0,0.0,750.0
2018-05-29 18:02:21.598197,1023.0,2.5,0.0,12000.0,0.0,750.0
2018-05-29 18:02:21.800237,1023.0,2.5,0.0,12000.0,0.0,750.0
2018-05-29 18:02:22.003278,1023.0,2.5,0.0,12000.0,0.0,750.0
2018-05-29 18:02:22.205318,1023.0,2.5,0.0,12000.0,0.0,750.0
2018-05-29 18:02:22.406358,1023.0,2.5,0.0,12000.0,0.0,750.0
2018-05-29 18:02:22.607398,1023.0,2.5,0.0,12000.0,0.0,750.0
2018-05-29 18:02:22.810439,1023.0,2.5,0.0,12000.0,0.0,750.0
2018-05-29 18:02:23.013480,1023.0,2.5,0.0,12000.0,0.0,750.0
2018-05-29 18:02:23.212519,1023.0,2.5,0.0,12000.0,0.0,750.0
2018-05-29 18:02:23.413560,1023.0,2.5,0.0,12000.0,0.0,750.0
2018-05-29 18:02:23.614600,1023.0,2.5,0.0,12000.0,0.0,750.0
2018-05-29 18:02:23.816640,1023.0,2.5,0.0,12000.0,0.0,750.0
2018-05-29 18:02:24.017680,1023.0,2.5,0.0,12000.0,0.0,750.0
2018-05-29 18:02:24.218721,1023.0,2.5,0.0,12000.0,0.0,750.0
2018-05-29 18:02:24.421761,1023.0,2.5,0.0,12000.0,0.0,750.0
2018-05-29 18:02:24.620801,1023.0,2.5,0.0,12000.0,0.0,750.0
2018-05-29 18:02:24.821841,1023.0,2.5,0.0,12000.0,0.0,750.0
2018-05-29 18:02:25.022881,1023.0,2.5,0.0,12000.0,0.0,750.0
2018-05-29 18:02:25.224922,1023.0,2.5,0.0,12000.0,0.0,750.0
2018-05-29 18:02:25.425962,1023.0,2.5,0.0,12000.0,0.0,750.0
2018-05-29 18:02:25.627002,1023.0,2.5,0.0,12000.0,0.0,750.0
2018-05-29 18:02:25.830043,1023.0,2.5,0.0,12000.0,0.0,750.0
2018-05-29 18:02:26.029083,1023.0,2.5,0.0,12000.0,0.0,750.0
2018-05-29 18:02:26.230123,1023.0,2.5,0.0,12000.0,0.0,750.0
2018-05-29 18:02:26.431163,1023.0,2.5,0.0,12000.0,0.0,750.0
2018-05-29 18:02:26.632203,1023.0,2.5,0.0,12000.0,0.0,750.0
2018-05-29 18:02:26.833243,1023.0,2.5,0.0,12000.0,0.0,750.0
2018-05-29 18:02:27.035284,1023.0,2.5,0.0,12000.0,0.0,750.0
2018-05-29 18:02:27.238324,1023.0,2.5,0.0,12000.0,0.0,750.0
2018-05-29 18:02:27.438364,1023.0,2.5,0.0,12000.0,0.0,750.0
2018-05-29 18:02:27.639405,1023.0,2.5,0.0,12000.0,0.0,750.0
2018-05-29 18:02:27.841445,1023.0,2.5,0.0,12000.0,0.0,750.0
2018-05-29 18:02:28.054488,1023.0,2.5,0.0,12000.0,0.0,750.0
2018-05-29 18:02:28.253527,1023.0,2.5,0.0,12000.0,0.0,750.0
2018-05-29 18:02:28.455568,1023.0,2.5,0.0,12000.0,0.0,750.0
2018-05-29 18:02:28.656608,1023.0,2.5,0.0,12000.0,0.0,750.0
2018-05-29 18:02:28.857648,1023.0,2.5,0.0,12000.0,0.0,750.0
2018-05-29 18:02:29.058688,1023.0,2.5,0.0,12000.0,0.0,750.0
2018-05-29 18:02:29.259729,1023.0,2.5,0.0,12000.0,0.0,750.0
2018-05-29 18:02:29.462769,1023.0,2.5,0.0,12000.0,0.0,750.0
2018-05-29 18:02:29.661809,1023.0,2.5,0.0,12000.0,0.0,750.0
2018-05-29 18:02:29.862849,1023.0,2.5,0.0,12000.0,0.0,750.0
2018-05-29 18:02:30.063889,1023.0,2.5,0.0,12000.0,0.0,750.0
2018-05-29 18:02:30.264930,1023.0,2.5,0.0,12000.0,0.0,750.0
2018-05-29 18:02:30.465970,1023.0,2.5,0.0,12000.0,0.0,750.0
2018-05-29 18:02:30.667010,1023.0,2.5,0.0,12000.0,0.0,750.0
2018-05-29 18:02:30.874051,1023.0,2.5,0.0,12000.0,0.0,750.0
2018-05-29 18:02:31.077092,1023.0,2.5,0.0,12000.0,0.0,750.0
2018-05-29 18:02:31.279132,1023.0,2.5,0.0,12000.0,0.0,750.0
2018-05-29 18:02:31.480173,1023.0,2.5,0.0,12000.0,0.0,750.0
2018-05-29 18:02:31.681213,1023.0,2.5,0.0,12000.0,0.0,750.0
2018-05-29 18:02:31.882253,1023.0,2.5,0.0,12000.0,0.0,750.0
2018-05-29 18:02:32.083293,1023.0,2.5,0.0,12000.0,0.0,750.0
2018-05-29 18:02:32.289334,1023.0,2.5,0.0,12000.0,0.0,750.0
2018-05-29 18:02:32.490375,1023.0,2.5,0.0,12000.0,0.0,750.0
2018-05-29 18:02:32.696416,1023.0,2.5,0.0,12000.0,0.0,750.0
2018-05-29 18:02:32.897456,1023.0,2.5,0.0,12000.0,0.0,750.0
2018-05-29 18:02:33.099496,1023.0,2.5,0.0,12000.0,0.0,750.0
2018-05-29 18:02:33.302537,1023.0,2.5,0.0,12000.0,0.0,750.0
2018-05-29 18:02:33.503577,1023.0,2.5,0.0,12000.0,0.0,750.0
2018-05-29 18:02:33.704617,1023.0,2.5,0.0,12000.0,0.0,750.0
2018-05-29 18:02:33.905658,1023.0,2.5,0.0,12000.0,0.0,750.0
2018-05-29 18:02:34.107698,1023.0,2.5,0.0,12000.0,0.0,750.0
2018-05-29 18:02:34.311739,1023.0,2.5,0.0,12000.0,0.0,750.0
2018-05-29 18:02:34.509778,1023.0,2.5,0.0,12000.0,0.0,750.0
2018-05-29 18:02:34.710819,1023.0,2.5,0.0,12000.0,0.0,750.0
2018-05-29 18:02:34.911859,1023.0,2.5,0.0,12000.0,0.0,750.0
2018-05-29 18:02:35.112899,1023.0,2.5,0.0,12000.0,0.0,750.0
2018-05-29 18:02:35.313939,1023.0,2.5,0.0,12000.0,0.0,750.0
2018-05-29 18:02:35.514979,1023.0,2.5,0.0,12000.0,0.0,750.0
2018-05-29 18:02:35.719020,1023.0,2.5,0.0,12000.0,0.0,750.0
2018-05-29 18:02:35.918060,1023.0,2.5,0.0,12000.0,0.0,750.0
2018-05-29 18:02:36.119100,1023.0,2.5,0.0,12000.0,0.0,750.0
2018-05-29 18:02:36.320140,1023.0,2.5,0.0,12000.0,0.0,750.0
2018-05-29 18:02:36.525181,1023.0,2.5,0.0,12000.0,0.0,750.0
2018-05-29 18:02:36.727222,1023.0,2.5,0.0,12000.0,0.0,750.0
2018-05-29 18:02:36.928262,1023.0,2.5,0.0,12000.0,0.0,750.0
2018-05-29 18:02:37.129302,1023.0,2.5,0.0,12000.0,0.0,750.0
2018-05-29 18:02:37.330342,1023.0,2.5,0.0,12000.0,0.0,750.0
2018-05-29 18:02:37.532383,1023.0,2.5,0.0,12000.0,0.0,750.0
2018-05-29 18:02:37.733423,1023.0,2.5,0.0,12000.0,0.0,750.0
2018-05-29 18:02:37.934463,1023.0,2.5,0.0,12000.0,0.0,750.0
2018-05-29 18:02:38.135503,1023.0,2.5,0.0,12000.0,0.0,750.0
2018-05-29 18:02:38.336544,1023.0,2.5,0.0,12000.0,0.0,750.0
2018-05-29 18:02:38.539584,1023.0,2.5,0.0,12000.0,0.0,750.0
2018-05-29 18:02:38.743625,1023.0,2.5,0.0,12000.0,0.0,750.0
2018-05-29 18:02:38.941665,1023.0,2.5,0.0,12000.0,0.0,750.0
2018-05-29 18:02:39.143705,1023.0,2.5,0.0,12000.0,0.0,750.0
2018-05-29 18:02:39.344745,1023.0,2.5,0.0,12000.0,0.0,750.0
2018-05-29 18:02:39.545785,1023.0,2.5,0.0,12000.0,0.0,750.0
2018-05-29 18:02:39.746826,1023.0,2.5,0.0,12000.0,0.0,750.0
2018-05-29 18:02:39.947866,1023.0,2.5,0.0,12000.0,0.0,750.0
2018-05-29 18:02:40.151907,1023.0,2.5,0.0,12000.0,0.0,750.0
2018-05-29 18:02:40.349946,1023.0,2.5,0.0,12000.0,0.0,750.0
2018-05-29 18:02:40.550986,1023.0,2.5,0.0,12000.0,0.0,750.0
2018-05-29 18:02:40.752027,1023.0,2.5,0.0,12000.0,0.0,750.0
2018-05-29 18:02:40.953067,1023.0,2.5,0.0,12000.0,0.0,750.0
2018-05-29 18:02:41.154107,1023.0,2.5,0.0,12000.0,0.0,750.0
2018-05-29 18:02:41.356147,1023.0,2.5,0.0,12000.0,0.0,750.0
2018-05-29 18:02:41.560188,1023.0,2.5,0.0,12000.0,0.0,750.0
2018-05-29 18:02:41.757228,1023.0,2.5,0.0,12000.0,0.0,750.0
2018-05-29 18:02:41.958268,1023.0,2.5,0.0,12000.0,0.0,750.0
2018-05-29 18:02:42.159308,1023.0,2.5,0.0,12000.0,0.0,750.0
2018-05-29 18:02:42.360348,1023.0,2.5,0.0,12000.0,0.0,750.0
2018-05-29 18:02:42.561388,1023.0,2.5,0.0,12000.0,0.0,750.0
2018-05-29 18:02:42.762429,1023.0,2.5,0.0,12000.0,0.0,750.0
2018-05-29 18:02:42.963469,1023.0,2.5,0.0,12000.0,0.0,750.0
2018-05-29 18:02:43.164509,1023.0,2.5,0.0,12000.0,0.0,750.0
2018-05-29 18:02:43.366549,1023.0,2.5,0.0,12000.0,0.0,750.0
2018-05-29 18:02:43.566589,1023.0,2.5,0.0,12000.0,0.0,750.0
2018-05-29 18:02:43.768630,1023.0,2.5,0.0,12000.0,0.0,750.0
2018-05-29 18:02:43.968670,1023.0,2.5,0.0,12000.0,0.0,750.0
2018-05-29 18:02:44.169710,1023.0,2.5,0.0,12000.0,0.0,750.0
2018-05-29 18:02:44.371750,1023.0,2.5,0.0,12000.0,0.0,750.0
2018-05-29 18:02:44.572791,1023.0,2.5,0.0,12000.0,0.0,750.0
2018-05-29 18:02:44.773831,1023.0,2.5,0.0,12000.0,0.0,750.0
2018-05-29 18:02:44.975871,1023.0,2.5,0.0,12000.0,0.0,750.0
2018-05-29 18:02:45.176911,1023.0,2.5,0.0,12000.0,0.0,750.0
2018-05-29 18:02:45.377952,1023.0,2.5,0.0,12000.0,0.0,750.0
2018-05-29 18:02:45.578992,1023.0,2.5,0.0,12000.0,0.0,750.0
2018-05-29 18:02:45.780032,1023.0,2.5,0.0,12000.0,0.0,750.0
2018-05-29 18:02:45.981072,1023.0,2.5,0.0,12000.0,0.0,750.0
2018-05-29 18:02:46.182112,1023.0,2.5,0.0,12000.0,0.0,750.0
2018-05-29 18:02:46.383153,1023.0,2.5,0.0,12000.0,0.0,750.0
2018-05-29 18:02:46.585193,1023.0,2.5,0.0,12000.0,0.0,750.0
2018-05-29 18:02:46.785233,1023.0,2.5,0.0,12000.0,0.0,750.0
2018-05-29 18:02:46.986273,1023.0,2.5,0.0,12000.0,0.0,750.0
2018-05-29 18:02:47.187313,1023.0,2.5,0.0,12000.0,0.0,750.0
2018-05-29 18:02:47.388354,1023.0,2.5,0.0,12000.0,0.0,750.0
2018-05-29 18:02:47.589394,1023.0,2.5,0.0,12000.0,0.0,750.0
2018-05-29 18:02:47.791434,1023.0,2.5,0.0,12000.0,0.0,750.0
2018-05-29 18:02:47.993475,1023.0,2.5,0.0,12000.0,0.0,750.0
2018-05-29 18:02:48.193515,1023.0,2.5,0.0,12000.0,0.0,750.0
2018-05-29 18:02:48.395555,1023.0,2.5,0.0,12000.0,0.0,750.0
2018-05-29 18:02:48.596595,1023.0,2.5,0.0,12000.0,0.0,750.0
2018-05-29 18:02:48.797635,1023.0,2.5,0.0,12000.0,0.0,750.0
2018-05-29 18:02:49.004677,1023.0,2.5,0.0,12000.0,0.0,750.0
2018-05-29 18:02:49.209718,1023.0,2.5,0.0,12000.0,0.0,750.0
2018-05-29 18:02:49.408758,1023.0,2.5,0.0,12000.0,0.0,750.0
2018-05-29 18:02:49.609798,1023.0,2.5,0.0,12000.0,0.0,750.0
2018-05-29 18:02:49.810838,1023.0,2.5,0.0,12000.0,0.0,750.0
2018-05-29 18:02:50.011878,1023.0,2.5,0.0,12000.0,0.0,750.0
2018-05-29 18:02:50.212918,1023.0,2.5,0.0,12000.0,0.0,750.0
2018-05-29 18:02:50.413959,1023.0,2.5,0.0,12000.0,0.0,750.0
2018-05-29 18:02:50.617999,1023.0,2.5,0.0,12000.0,0.0,750.0
2018-05-29 18:02:50.818039,1023.0,2.5,0.0,12000.0,0.0,750.0
2018-05-29 18:02:51.019080,1023.0,2.5,0.0,12000.0,0.0,750.0
2018-05-29 18:02:51.220120,1023.0,2.5,0.0,12000.0,0.0,750.0
2018-05-29 18:02:51.421160,1023.0,2.5,0.0,12000.0,0.0,750.0
2018-05-29 18:02:51.623200,1023.0,2.5,0.0,12000.0,0.0,750.0
2018-05-29 18:02:51.823240,1023.0,2.5,0.0,12000.0,0.0,750.0
2018-05-29 18:02:52.027281,1023.0,2.5,0.0,12000.0,0.0,750.0
2018-05-29 18:02:52.226321,1023.0,2.5,0.0,12000.0,0.0,750.0
2018-05-29 18:02:52.427361,1023.0,2.5,0.0,12000.0,0.0,750.0
2018-05-29 18:02:52.628401,1023.0,2.5,0.0,12000.0,0.0,750.0
2018-05-29 18:02:52.829442,1023.0,2.5,0.0,12000.0,0.0,750.0
2018-05-29 18:02:53.030482,1023.0,2.5,0.0,12000.0,0.0,750.0
2018-05-29 18:02:53.233522,1023.0,2.5,0.0,12000.0,0.0,750.0
2018-05-29 18:02:53.435563,1023.0,2.5,0.0,12000.0,0.0,750.0
2018-05-29 18:02:53.636603,1023.0,2.5,0.0,12000.0,0.0,750.0
2018-05-29 18:02:53.837643,1023.0,2.5,0.0,12000.0,0.0,750.0
2018-05-29 18:02:54.041684,1023.0,2.5,0.0,12000.0,0.0,750.0
2018-05-29 18:02:54.239724,1023.0,2.5,0.0,12000.0,0.0,750.0
2018-05-29 18:02:54.440764,1023.0,2.5,0.0,12000.0,0.0,750.0
2018-05-29 18:02:54.641804,1023.0,2.5,0.0,12000.0,0.0,750.0
2018-05-29 18:02:54.844845,1023.0,2.5,0.0,12000.0,0.0,750.0
2018-05-29 18:02:55.047885,1023.0,2.5,0.0,12000.0,0.0,750.0
2018-05-29 18:02:55.248925,1023.0,2.5,0.0,12000.0,0.0,750.0
2018-05-29 18:02:55.449966,1023.0,2.5,0.0,12000.0,0.0,750.0
2018-05-29 18:02:55.652006,1023.0,2.5,0.0,12000.0,0.0,750.0
2018-05-29 18:02:55.853046,1023.0,2.5,0.0,12000.0,0.0,750.0
2018-05-29 18:02:56.058087,1023.0,2.5,0.0,12000.0,0.0,750.0
2018-05-29 18:02:56.256127,1023.0,2.5,0.0,12000.0,0.0,750.0
2018-05-29 18:02:56.457167,1023.0,2.5,0.0,12000.0,0.0,750.0
2018-05-29 18:02:56.658207,1023.0,2.5,0.0,12000.0,0.0,750.0
2018-05-29 18:02:56.859247,1023.0,2.5,0.0,12000.0,0.0,750.0
2018-05-29 18:02:57.060288,1023.0,2.5,0.0,12000.0,0.0,750.0
2018-05-29 18:02:57.263328,1023.0,2.5,0.0,12000.0,0.0,750.0
2018-05-29 18:02:57.466369,1023.0,2.5,0.0,12000.0,0.0,750.0
2018-05-29 18:02:57.668409,1023.0,2.5,0.0,12000.0,0.0,750.0
2018-05-29 18:02:57.870450,1023.0,2.5,0.0,12000.0,0.0,750.0
2018-05-29 18:02:58.076491,1023.0,2.5,0.0,12000.0,0.0,750.0
2018-05-29 18:02:58.276531,1023.0,2.5,0.0,12000.0,0.0,750.0
2018-05-29 18:02:58.477571,1023.0,2.5,0.0,12000.0,0.0,750.0
2018-05-29 18:02:58.682612,1023.0,2.5,0.0,12000.0,0.0,750.0
2018-05-29 18:02:58.879651,1023.0,2.5,0.0,12000.0,0.0,750.0
2018-05-29 18:02:59.080692,1023.0,2.5,0.0,12000.0,0.0,750.0
2018-05-29 18:02:59.281732,1023.0,2.5,0.0,12000.0,0.0,750.0
2018-05-29 18:02:59.483772,1023.0,2.5,0.0,12000.0,0.0,750.0
2018-05-29 18:02:59.683812,1023.0,2.5,0.0,12000.0,0.0,750.0
2018-05-29 18:02:59.884852,1023.0,2.5,0.0,12000.0,0.0,750.0
2018-05-29 18:03:00.085893,1023.0,2.5,0.0,12000.0,0.0,750.0
2018-05-29 18:03:00.286933,1023.0,2.5,0.0,12000.0,0.0,750.0
2018-05-29 18:03:00.487973,1023.0,2.5,0.0,12000.0,0.0,750.0
2018-05-29 18:03:00.689013,1023.0,2.5,0.0,12000.0,0.0,750.0
2018-05-29 18:03:00.892054,1023.0,2.5,0.0,12000.0,0.0,750.0
2018-05-29 18:03:01.095094,1023.0,2.5,0.0,12000.0,0.0,750.0
2018-05-29 18:03:01.297135,1023.0,2.5,0.0,12000.0,0.0,750.0
2018-05-29 18:03:01.498175,1023.0,2.5,0.0,12000.0,0.0,750.0
2018-05-29 18:03:01.699215,1023.0,2.5,0.0,12000.0,0.0,750.0
2018-05-29 18:03:01.902256,1023.0,2.5,0.0,12000.0,0.0,750.0
2018-05-29 18:03:02.110297,1023.0,2.5,0.0,12000.0,0.0,750.0
2018-05-29 18:03:02.307337,1023.0,2.5,0.0,12000.0,0.0,750.0
2018-05-29 18:03:02.508377,1023.0,2.5,0.0,12000.0,0.0,750.0
2018-05-29 18:03:02.709417,1023.0,2.5,0.0,12000.0,0.0,750.0
2018-05-29 18:03:02.910457,1023.0,2.5,0.0,12000.0,0.0,750.0
2018-05-29 18:03:03.111498,1023.0,2.5,0.0,12000.0,0.0,750.0
2018-05-29 18:03:03.312538,1023.0,2.5,0.0,12000.0,0.0,750.0
2018-05-29 18:03:03.515578,1023.0,2.5,0.0,12000.0,0.0,750.0
2018-05-29 18:03:03.714618,1023.0,2.5,0.0,12000.0,0.0,750.0
2018-05-29 18:03:03.916659,1023.0,2.5,0.0,12000.0,0.0,750.0
2018-05-29 18:03:04.118699,1023.0,2.5,0.0,12000.0,0.0,750.0
2018-05-29 18:03:04.319739,1023.0,2.5,0.0,12000.0,0.0,750.0
2018-05-29 18:03:04.520779,1023.0,2.5,0.0,12000.0,0.0,750.0
2018-05-29 18:03:04.721820,1023.0,2.5,0.0,12000.0,0.0,750.0
2018-05-29 18:03:04.923860,1023.0,2.5,0.0,12000.0,0.0,750.0
2018-05-29 18:03:05.123900,1023.0,2.5,0.0,12000.0,0.0,750.0
2018-05-29 18:03:05.324940,1023.0,2.5,0.0,12000.0,0.0,750.0
2018-05-29 18:03:05.525980,1023.0,2.5,0.0,12000.0,0.0,750.0
2018-05-29 18:03:05.727021,1023.0,2.5,0.0,12000.0,0.0,750.0
2018-05-29 18:03:05.928061,1023.0,2.5,0.0,12000.0,0.0,750.0
2018-05-29 18:03:06.131101,1023.0,2.5,0.0,12000.0,0.0,750.0
2018-05-29 18:03:06.332142,1023.0,2.5,0.0,12000.0,0.0,750.0
2018-05-29 18:03:06.533182,1023.0,2.5,0.0,12000.0,0.0,750.0
2018-05-29 18:03:06.734222,1023.0,2.5,0.0,12000.0,0.0,750.0
2018-05-29 18:03:06.940263,1023.0,2.5,0.0,12000.0,0.0,750.0
2018-05-29 18:03:07.139303,1023.0,2.5,0.0,12000.0,0.0,750.0
2018-05-29 18:03:07.340343,1023.0,2.5,0.0,12000.0,0.0,750.0
2018-05-29 18:03:07.541383,1023.0,2.5,0.0,12000.0,0.0,750.0
2018-05-29 18:03:07.742424,1023.0,2.5,0.0,12000.0,0.0,750.0
2018-05-29 18:03:07.943464,1023.0,2.5,0.0,12000.0,0.0,750.0
2018-05-29 18:03:08.144504,1023.0,2.5,0.0,12000.0,0.0,750.0
2018-05-29 18:03:08.348545,1023.0,2.5,0.0,12000.0,0.0,750.0
2018-05-29 18:03:08.546584,1023.0,2.5,0.0,12000.0,0.0,750.0
2018-05-29 18:03:08.747625,1023.0,2.5,0.0,12000.0,0.0,750.0
2018-05-29 18:03:08.948665,1023.0,2.5,0.0,12000.0,0.0,750.0
2018-05-29 18:03:09.150705,1023.0,2.5,0.0,12000.0,0.0,750.0
2018-05-29 18:03:09.351745,1023.0,2.5,0.0,12000.0,0.0,750.0
2018-05-29 18:03:09.552786,1023.0,2.5,0.0,12000.0,0.0,750.0
2018-05-29 18:03:09.756826,1023.0,2.5,0.0,12000.0,0.0,750.0
2018-05-29 18:03:09.954866,1023.0,2.5,0.0,12000.0,0.0,750.0
2018-05-29 18:03:10.156906,1023.0,2.5,0.0,12000.0,0.0,750.0
2018-05-29 18:03:10.357947,1023.0,2.5,0.0,12000.0,0.0,750.0
2018-05-29 18:03:10.558987,1023.0,2.5,0.0,12000.0,0.0,750.0
2018-05-29 18:03:10.760027,1023.0,2.5,0.0,12000.0,0.0,750.0
2018-05-29 18:03:10.961067,1023.0,2.5,0.0,12000.0,0.0,750.0
2018-05-29 18:03:11.164108,1023.0,2.5,0.0,12000.0,0.0,750.0
2018-05-29 18:03:11.363148,1023.0,2.5,0.0,12000.0,0.0,750.0
2018-05-29 18:03:11.566188,1023.0,2.5,0.0,12000.0,0.0,750.0
2018-05-29 18:03:11.767228,1023.0,2.5,0.0,12000.0,0.0,750.0
2018-05-29 18:03:11.968269,1023.0,2.5,0.0,12000.0,0.0,750.0
2018-05-29 18:03:12.169309,1023.0,2.5,0.0,12000.0,0.0,750.0
2018-05-29 18:03:12.370349,1023.0,2.5,0.0,12000.0,0.0,750.0
2018-05-29 18:03:12.572389,1023.0,2.5,0.0,12000.0,0.0,750.0
2018-05-29 18:03:12.772429,1023.0,2.5,0.0,12000.0,0.0,750.0
2018-05-29 18:03:12.976470,1023.0,2.5,0.0,12000.0,0.0,750.0
2018-05-29 18:03:13.180511,1023.0,2.5,0.0,12000.0,0.0,750.0
2018-05-29 18:03:13.379551,1023.0,2.5,0.0,12000.0,0.0,750.0
2018-05-29 18:03:13.580591,1023.0,2.5,0.0,12000.0,0.0,750.0
2018-05-29 18:03:13.781631,1023.0,2.5,0.0,12000.0,0.0,750.0
2018-05-29 18:03:13.982671,1023.0,2.5,0.0,12000.0,0.0,750.0
2018-05-29 18:03:14.183712,1023.0,2.5,0.0,12000.0,0.0,750.0
2018-05-29 18:03:14.384752,1023.0,2.5,0.0,12000.0,0.0,750.0
2018-05-29 18:03:14.588793,1023.0,2.5,0.0,12000.0,0.0,750.0
2018-05-29 18:03:14.786832,1023.0,2.5,0.0,12000.0,0.0,750.0
2018-05-29 18:03:14.987872,1023.0,2.5,0.0,12000.0,0.0,750.0
2018-05-29 18:03:15.188913,1023.0,2.5,0.0,12000.0,0.0,750.0
2018-05-29 18:03:15.390953,1023.0,2.5,0.0,12000.0,0.0,750.0
2018-05-29 18:03:15.590993,1023.0,2.5,0.0,12000.0,0.0,750.0
2018-05-29 18:03:15.792033,1023.0,2.5,0.0,12000.0,0.0,750.0
2018-05-29 18:03:15.997074,1023.0,2.5,0.0,12000.0,0.0,750.0
2018-05-29 18:03:16.194114,1023.0,2.5,0.0,12000.0,0.0,750.0
2018-05-29 18:03:16.395154,1023.0,2.5,0.0,12000.0,0.0,750.0
2018-05-29 18:03:16.596194,1023.0,2.5,0.0,12000.0,0.0,750.0
2018-05-29 18:03:16.797234,1023.0,2.5,0.0,12000.0,0.0,750.0
2018-05-29 18:03:16.998274,1023.0,2.5,0.0,12000.0,0.0,750.0
2018-05-29 18:03:17.200315,1023.0,2.5,0.0,12000.0,0.0,750.0
2018-05-29 18:03:17.405356,1023.0,2.5,0.0,12000.0,0.0,750.0
2018-05-29 18:03:17.602395,1023.0,2.5,0.0,12000.0,0.0,750.0
2018-05-29 18:03:17.803435,1023.0,2.5,0.0,12000.0,0.0,750.0
2018-05-29 18:03:18.004476,1023.0,2.5,0.0,12000.0,0.0,750.0
2018-05-29 18:03:18.206516,1023.0,2.5,0.0,12000.0,0.0,750.0
2018-05-29 18:03:18.408556,1023.0,2.5,0.0,12000.0,0.0,750.0
2018-05-29 18:03:18.609597,1023.0,2.5,0.0,12000.0,0.0,750.0
2018-05-29 18:03:18.813637,1023.0,2.5,0.0,12000.0,0.0,750.0
2018-05-29 18:03:19.014678,1023.0,2.5,0.0,12000.0,0.0,750.0
2018-05-29 18:03:19.215718,1023.0,2.5,0.0,12000.0,0.0,750.0
2018-05-29 18:03:19.416758,1023.0,2.5,0.0,12000.0,0.0,750.0
2018-05-29 18:03:19.617798,1023.0,2.5,0.0,12000.0,0.0,750.0
2018-05-29 18:03:19.819839,1023.0,2.5,0.0,12000.0,0.0,750.0
2018-05-29 18:03:20.020879,1023.0,2.5,0.0,12000.0,0.0,750.0
2018-05-29 18:03:20.221919,1023.0,2.5,0.0,12000.0,0.0,750.0
2018-05-29 18:03:20.422959,1023.0,2.5,0.0,12000.0,0.0,750.0
2018-05-29 18:03:20.623999,1023.0,2.5,0.0,12000.0,0.0,750.0
2018-05-29 18:03:20.825040,1023.0,2.5,0.0,12000.0,0.0,750.0
2018-05-29 18:03:21.026080,1023.0,2.5,0.0,12000.0,0.0,750.0
2018-05-29 18:03:21.227120,1023.0,2.5,0.0,12000.0,0.0,750.0
2018-05-29 18:03:21.428160,1023.0,2.5,0.0,12000.0,0.0,750.0
2018-05-29 18:03:21.630201,1023.0,2.5,0.0,12000.0,0.0,750.0
2018-05-29 18:03:21.831241,1023.0,2.5,0.0,12000.0,0.0,750.0
2018-05-29 18:03:22.033281,1023.0,2.5,0.0,12000.0,0.0,750.0
2018-05-29 18:03:22.238322,1023.0,2.5,0.0,12000.0,0.0,750.0
2018-05-29 18:03:22.435362,1023.0,2.5,0.0,12000.0,0.0,750.0
2018-05-29 18:03:22.637402,1023.0,2.5,0.0,12000.0,0.0,750.0
2018-05-29 18:03:22.837442,1023.0,2.5,0.0,12000.0,0.0,750.0
2018-05-29 18:03:23.041483,1023.0,2.5,0.0,12000.0,0.0,750.0
2018-05-29 18:03:23.242523,1023.0,2.5,0.0,12000.0,0.0,750.0
2018-05-29 18:03:23.443563,1023.0,2.5,0.0,12000.0,0.0,750.0
2018-05-29 18:03:23.646604,1023.0,2.5,0.0,12000.0,0.0,750.0
2018-05-29 18:03:23.845644,1023.0,2.5,0.0,12000.0,0.0,750.0
2018-05-29 18:03:24.046684,1023.0,2.5,0.0,12000.0,0.0,750.0
2018-05-29 18:03:24.247724,1023.0,2.5,0.0,12000.0,0.0,750.0
2018-05-29 18:03:24.448764,1023.0,2.5,0.0,12000.0,0.0,750.0
2018-05-29 18:03:24.649804,1023.0,2.5,0.0,12000.0,0.0,750.0
2018-05-29 18:03:24.855846,1023.0,2.5,0.0,12000.0,0.0,750.0
2018-05-29 18:03:25.055886,1023.0,2.5,0.0,12000.0,0.0,750.0
2018-05-29 18:03:25.256926,1023.0,2.5,0.0,12000.0,0.0,750.0
2018-05-29 18:03:25.457966,1023.0,2.5,0.0,12000.0,0.0,750.0
2018-05-29 18:03:25.663007,1023.0,2.5,0.0,12000.0,0.0,750.0
2018-05-29 18:03:25.861047,1023.0,2.5,0.0,12000.0,0.0,750.0
2018-05-29 18:03:26.062087,1023.0,2.5,0.0,12000.0,0.0,750.0
2018-05-29 18:03:26.264127,1023.0,2.5,0.0,12000.0,0.0,750.0
2018-05-29 18:03:26.465167,1023.0,2.5,0.0,12000.0,0.0,750.0
2018-05-29 18:03:26.666208,1023.0,2.5,0.0,12000.0,0.0,750.0
2018-05-29 18:03:26.867248,1023.0,2.5,0.0,12000.0,0.0,750.0
2018-05-29 18:03:27.071289,1023.0,2.5,0.0,12000.0,0.0,750.0
2018-05-29 18:03:27.272329,1023.0,2.5,0.0,12000.0,0.0,750.0
2018-05-29 18:03:27.475369,1023.0,2.5,0.0,12000.0,0.0,750.0
2018-05-29 18:03:27.674409,1023.0,2.5,0.0,12000.0,0.0,750.0
2018-05-29 18:03:27.879450,1023.0,2.5,0.0,12000.0,0.0,750.0
2018-05-29 18:03:28.080490,1023.0,2.5,0.0,12000.0,0.0,750.0
2018-05-29 18:03:28.286532,1023.0,2.5,0.0,12000.0,0.0,750.0
2018-05-29 18:03:28.483571,1023.0,2.5,0.0,12000.0,0.0,750.0
2018-05-29 18:03:28.684611,1023.0,2.5,0.0,12000.0,0.0,750.0
2018-05-29 18:03:28.885651,1023.0,2.5,0.0,12000.0,0.0,750.0
2018-05-29 18:03:29.086692,1023.0,2.5,0.0,12000.0,0.0,750.0
2018-05-29 18:03:29.287732,1023.0,2.5,0.0,12000.0,0.0,750.0
2018-05-29 18:03:29.488772,1023.0,2.5,0.0,12000.0,0.0,750.0
2018-05-29 18:03:29.694813,1023.0,2.5,0.0,12000.0,0.0,750.0
2018-05-29 18:03:29.893853,1023.0,2.5,0.0,12000.0,0.0,750.0
2018-05-29 18:03:30.094893,1023.0,2.5,0.0,12000.0,0.0,750.0
2018-05-29 18:03:30.295933,1023.0,2.5,0.0,12000.0,0.0,750.0
2018-05-29 18:03:30.496974,1023.0,2.5,0.0,12000.0,0.0,750.0
2018-05-29 18:03:30.698014,1023.0,2.5,0.0,12000.0,0.0,750.0
2018-05-29 18:03:30.903055,1023.0,2.5,0.0,12000.0,0.0,750.0
2018-05-29 18:03:31.104095,1023.0,2.5,0.0,12000.0,0.0,750.0
2018-05-29 18:03:31.305135,1023.0,2.5,0.0,12000.0,0.0,750.0
2018-05-29 18:03:31.510176,1023.0,2.5,0.0,12000.0,0.0,750.0
2018-05-29 18:03:31.711216,1023.0,2.5,0.0,12000.0,0.0,750.0
2018-05-29 18:03:31.912257,1023.0,2.5,0.0,12000.0,0.0,750.0
2018-05-29 18:03:32.113297,1023.0,2.5,0.0,12000.0,0.0,750.0
2018-05-29 18:03:32.314337,1023.0,2.5,0.0,12000.0,0.0,750.0
2018-05-29 18:03:32.515377,1023.0,2.5,0.0,12000.0,0.0,750.0
2018-05-29 18:03:32.719418,1023.0,2.5,0.0,12000.0,0.0,750.0
2018-05-29 18:03:32.917458,1023.0,2.5,0.0,12000.0,0.0,750.0
2018-05-29 18:03:33.118498,1023.0,2.5,0.0,12000.0,0.0,750.0
2018-05-29 18:03:33.319538,1023.0,2.5,0.0,12000.0,0.0,750.0
2018-05-29 18:03:33.520578,1023.0,2.5,0.0,12000.0,0.0,750.0
2018-05-29 18:03:33.721618,1023.0,2.5,0.0,12000.0,0.0,750.0
2018-05-29 18:03:33.922659,1023.0,2.5,0.0,12000.0,0.0,750.0
2018-05-29 18:03:34.127700,1023.0,2.5,0.0,12000.0,0.0,750.0
2018-05-29 18:03:34.324739,1023.0,2.5,0.0,12000.0,0.0,750.0
2018-05-29 18:03:34.525779,1023.0,2.5,0.0,12000.0,0.0,750.0
2018-05-29 18:03:34.726819,1023.0,2.5,0.0,12000.0,0.0,750.0
2018-05-29 18:03:34.927860,1023.0,2.5,0.0,12000.0,0.0,750.0
2018-05-29 18:03:35.128900,1023.0,2.5,0.0,12000.0,0.0,750.0
2018-05-29 18:03:35.329940,1023.0,2.5,0.0,12000.0,0.0,750.0
2018-05-29 18:03:35.530980,1023.0,2.5,0.0,12000.0,0.0,750.0
2018-05-29 18:03:35.736021,1023.0,2.5,0.0,12000.0,0.0,750.0
2018-05-29 18:03:35.937061,1023.0,2.5,0.0,12000.0,0.0,750.0
2018-05-29 18:03:36.138102,1023.0,2.5,0.0,12000.0,0.0,750.0
2018-05-29 18:03:36.339142,1023.0,2.5,0.0,12000.0,0.0,750.0
2018-05-29 18:03:36.544183,1023.0,2.5,0.0,12000.0,0.0,750.0
2018-05-29 18:03:36.741222,1023.0,2.5,0.0,12000.0,0.0,750.0
2018-05-29 18:03:36.942262,1023.0,2.5,0.0,12000.0,0.0,750.0
2018-05-29 18:03:37.143303,1023.0,2.5,0.0,12000.0,0.0,750.0
2018-05-29 18:03:37.345343,1023.0,2.5,0.0,12000.0,0.0,750.0
2018-05-29 18:03:37.546383,1023.0,2.5,0.0,12000.0,0.0,750.0
2018-05-29 18:03:37.747423,1023.0,2.5,0.0,12000.0,0.0,750.0
2018-05-29 18:03:37.952464,1023.0,2.5,0.0,12000.0,0.0,750.0
2018-05-29 18:03:38.149504,1023.0,2.5,0.0,12000.0,0.0,750.0
2018-05-29 18:03:38.350544,1023.0,2.5,0.0,12000.0,0.0,750.0
2018-05-29 18:03:38.552584,1023.0,2.5,0.0,12000.0,0.0,750.0
2018-05-29 18:03:38.753625,1023.0,2.5,0.0,12000.0,0.0,750.0
2018-05-29 18:03:38.954665,1023.0,2.5,0.0,12000.0,0.0,750.0
2018-05-29 18:03:39.155705,1023.0,2.5,0.0,12000.0,0.0,750.0
2018-05-29 18:03:39.360746,1023.0,2.5,0.0,12000.0,0.0,750.0
2018-05-29 18:03:39.557785,1023.0,2.5,0.0,12000.0,0.0,750.0
2018-05-29 18:03:39.758826,1023.0,2.5,0.0,12000.0,0.0,750.0
2018-05-29 18:03:39.962866,1023.0,2.5,0.0,12000.0,0.0,750.0
2018-05-29 18:03:40.163907,1023.0,2.5,0.0,12000.0,0.0,750.0
2018-05-29 18:03:40.364947,1023.0,2.5,0.0,12000.0,0.0,750.0
2018-05-29 18:03:40.565987,1023.0,2.5,0.0,12000.0,0.0,750.0
2018-05-29 18:03:40.769028,1023.0,2.5,0.0,12000.0,0.0,750.0
2018-05-29 18:03:40.970068,1023.0,2.5,0.0,12000.0,0.0,750.0
2018-05-29 18:03:41.171108,1023.0,2.5,0.0,12000.0,0.0,750.0
2018-05-29 18:03:41.372148,1023.0,2.5,0.0,12000.0,0.0,750.0
2018-05-29 18:03:41.573188,1023.0,2.5,0.0,12000.0,0.0,750.0
2018-05-29 18:03:41.774229,1023.0,2.5,0.0,12000.0,0.0,750.0
2018-05-29 18:03:41.976269,1023.0,2.5,0.0,12000.0,0.0,750.0
2018-05-29 18:03:42.177309,1023.0,2.5,0.0,12000.0,0.0,750.0
2018-05-29 18:03:42.379350,1023.0,2.5,0.0,12000.0,0.0,750.0
2018-05-29 18:03:42.580390,1023.0,2.5,0.0,12000.0,0.0,750.0
2018-05-29 18:03:42.785431,1023.0,2.5,0.0,12000.0,0.0,750.0
2018-05-29 18:03:42.983470,1023.0,2.5,0.0,12000.0,0.0,750.0
2018-05-29 18:03:43.184511,1023.0,2.5,0.0,12000.0,0.0,750.0
2018-05-29 18:03:43.386551,1023.0,2.5,0.0,12000.0,0.0,750.0
2018-05-29 18:03:43.587591,1023.0,2.5,0.0,12000.0,0.0,750.0
2018-05-29 18:03:43.788631,1023.0,2.5,0.0,12000.0,0.0,750.0
2018-05-29 18:03:43.989672,1023.0,2.5,0.0,12000.0,0.0,750.0
2018-05-29 18:03:44.193712,1023.0,2.5,0.0,12000.0,0.0,750.0
2018-05-29 18:03:44.391752,1023.0,2.5,0.0,12000.0,0.0,750.0
2018-05-29 18:03:44.592792,1023.0,2.5,0.0,12000.0,0.0,750.0
2018-05-29 18:03:44.793832,1023.0,2.5,0.0,12000.0,0.0,750.0
2018-05-29 18:03:44.995873,1023.0,2.5,0.0,12000.0,0.0,750.0
2018-05-29 18:03:45.196913,1023.0,2.5,0.0,12000.0,0.0,750.0
2018-05-29 18:03:45.397953,1023.0,2.5,0.0,12000.0,0.0,750.0
2018-05-29 18:03:45.600994,1023.0,2.5,0.0,12000.0,0.0,750.0
2018-05-29 18:03:45.801034,1023.0,2.5,0.0,12000.0,0.0,750.0
2018-05-29 18:03:46.002074,1023.0,2.5,0.0,12000.0,0.0,750.0
2018-05-29 18:03:46.203114,1023.0,2.5,0.0,12000.0,0.0,750.0
2018-05-29 18:03:46.404154,1023.0,2.5,0.0,12000.0,0.0,750.0
2018-05-29 18:03:46.605195,1023.0,2.5,0.0,12000.0,0.0,750.0
2018-05-29 18:03:46.806235,1023.0,2.5,0.0,12000.0,0.0,750.0
2018-05-29 18:03:47.009275,1023.0,2.5,0.0,12000.0,0.0,750.0
2018-05-29 18:03:47.208315,1023.0,2.5,0.0,12000.0,0.0,750.0
2018-05-29 18:03:47.409355,1023.0,2.5,0.0,12000.0,0.0,750.0
2018-05-29 18:03:47.611396,1023.0,2.5,0.0,12000.0,0.0,750.0
2018-05-29 18:03:47.812436,1023.0,2.5,0.0,12000.0,0.0,750.0
2018-05-29 18:03:48.013476,1023.0,2.5,0.0,12000.0,0.0,750.0
2018-05-29 18:03:48.215517,1023.0,2.5,0.0,12000.0,0.0,750.0
2018-05-29 18:03:48.417557,1023.0,2.5,0.0,12000.0,0.0,750.0
2018-05-29 18:03:48.617597,1023.0,2.5,0.0,12000.0,0.0,750.0
2018-05-29 18:03:48.818637,1023.0,2.5,0.0,12000.0,0.0,750.0
2018-05-29 18:03:49.025679,1023.0,2.5,0.0,12000.0,0.0,750.0
2018-05-29 18:03:49.224718,1023.0,2.5,0.0,12000.0,0.0,750.0
2018-05-29 18:03:49.425759,1023.0,2.5,0.0,12000.0,0.0,750.0
2018-05-29 18:03:49.627799,1023.0,2.5,0.0,12000.0,0.0,750.0
2018-05-29 18:03:49.828839,1023.0,2.5,0.0,12000.0,0.0,750.0
2018-05-29 18:03:50.029879,1023.0,2.5,0.0,12000.0,0.0,750.0
2018-05-29 18:03:50.230920,1023.0,2.5,0.0,12000.0,0.0,750.0
2018-05-29 18:03:50.433960,1023.0,2.5,0.0,12000.0,0.0,750.0
2018-05-29 18:03:50.633000,1023.0,2.5,0.0,12000.0,0.0,750.0
2018-05-29 18:03:50.834040,1023.0,2.5,0.0,12000.0,0.0,750.0
2018-05-29 18:03:51.035080,1023.0,2.5,0.0,12000.0,0.0,750.0
2018-05-29 18:03:51.236121,1023.0,2.5,0.0,12000.0,0.0,750.0
2018-05-29 18:03:51.438161,1023.0,2.5,0.0,12000.0,0.0,750.0
2018-05-29 18:03:51.639201,1023.0,2.5,0.0,12000.0,0.0,750.0
2018-05-29 18:03:51.842242,1023.0,2.5,0.0,12000.0,0.0,750.0
2018-05-29 18:03:52.043282,1023.0,2.5,0.0,12000.0,0.0,750.0
2018-05-29 18:03:52.244322,1023.0,2.5,0.0,12000.0,0.0,750.0
2018-05-29 18:03:52.445362,1023.0,2.5,0.0,12000.0,0.0,750.0
2018-05-29 18:03:52.647403,1023.0,2.5,0.0,12000.0,0.0,750.0
2018-05-29 18:03:52.850443,1023.0,2.5,0.0,12000.0,0.0,750.0
2018-05-29 18:03:53.049483,1023.0,2.5,0.0,12000.0,0.0,750.0
2018-05-29 18:03:53.250523,1023.0,2.5,0.0,12000.0,0.0,750.0
2018-05-29 18:03:53.451564,1023.0,2.5,0.0,12000.0,0.0,750.0
2018-05-29 18:03:53.652604,1023.0,2.5,0.0,12000.0,0.0,750.0
2018-05-29 18:03:53.853644,1023.0,2.5,0.0,12000.0,0.0,750.0
2018-05-29 18:03:54.054684,1023.0,2.5,0.0,12000.0,0.0,750.0
2018-05-29 18:03:54.258725,1023.0,2.5,0.0,12000.0,0.0,750.0
2018-05-29 18:03:54.456765,1023.0,2.5,0.0,12000.0,0.0,750.0
2018-05-29 18:03:54.659805,1023.0,2.5,0.0,12000.0,0.0,750.0
2018-05-29 18:03:54.860845,1023.0,2.5,0.0,12000.0,0.0,750.0
2018-05-29 18:03:55.061886,1023.0,2.5,0.0,12000.0,0.0,750.0
2018-05-29 18:03:55.262926,1023.0,2.5,0.0,12000.0,0.0,750.0
2018-05-29 18:03:55.463966,1023.0,2.5,0.0,12000.0,0.0,750.0
2018-05-29 18:03:55.667007,1023.0,2.5,0.0,12000.0,0.0,750.0
2018-05-29 18:03:55.866046,1023.0,2.5,0.0,12000.0,0.0,750.0
2018-05-29 18:03:56.067087,1023.0,2.5,0.0,12000.0,0.0,750.0
2018-05-29 18:03:56.269127,1023.0,2.5,0.0,12000.0,0.0,750.0
2018-05-29 18:03:56.470167,1023.0,2.5,0.0,12000.0,0.0,750.0
2018-05-29 18:03:56.671207,1023.0,2.5,0.0,12000.0,0.0,750.0
2018-05-29 18:03:56.874248,1023.0,2.5,0.0,12000.0,0.0,750.0
2018-05-29 18:03:57.075288,1023.0,2.5,0.0,12000.0,0.0,750.0
2018-05-29 18:03:57.276328,1023.0,2.5,0.0,12000.0,0.0,750.0
2018-05-29 18:03:57.478369,1023.0,2.5,0.0,12000.0,0.0,750.0
2018-05-29 18:03:57.678409,1023.0,2.5,0.0,12000.0,0.0,750.0
2018-05-29 18:03:57.879449,1023.0,2.5,0.0,12000.0,0.0,750.0
2018-05-29 18:03:58.080489,1023.0,2.5,0.0,12000.0,0.0,750.0
2018-05-29 18:03:58.281529,1023.0,2.5,0.0,12000.0,0.0,750.0
2018-05-29 18:03:58.483570,1023.0,2.5,0.0,12000.0,0.0,750.0
2018-05-29 18:03:58.683610,1023.0,2.5,0.0,12000.0,0.0,750.0
2018-05-29 18:03:58.884650,1023.0,2.5,0.0,12000.0,0.0,750.0
2018-05-29 18:03:59.085690,1023.0,2.5,0.0,12000.0,0.0,750.0
2018-05-29 18:03:59.286730,1023.0,2.5,0.0,12000.0,0.0,750.0
2018-05-29 18:03:59.487771,1023.0,2.5,0.0,12000.0,0.0,750.0
2018-05-29 18:03:59.688811,1023.0,2.5,0.0,12000.0,0.0,750.0
2018-05-29 18:03:59.891851,1023.0,2.5,0.0,12000.0,0.0,750.0
2018-05-29 18:04:00.090891,1023.0,2.5,0.0,12000.0,0.0,750.0
2018-05-29 18:04:00.291931,1023.0,2.5,0.0,12000.0,0.0,750.0
2018-05-29 18:04:00.492972,1023.0,2.5,0.0,12000.0,0.0,750.0
2018-05-29 18:04:00.694012,1023.0,2.5,0.0,12000.0,0.0,750.0
2018-05-29 18:04:00.895052,1023.0,2.5,0.0,12000.0,0.0,750.0
2018-05-29 18:04:01.104074,1023.0,2.5,0.0,12000.0,0.0,750.0
2018-05-29 18:04:01.305094,1023.0,2.5,0.0,12000.0,0.0,750.0
2018-05-29 18:04:01.506114,1023.0,2.5,0.0,12000.0,0.0,750.0
2018-05-29 18:04:01.707134,1023.0,2.5,0.0,12000.0,0.0,750.0
2018-05-29 18:04:01.908154,1023.0,2.5,0.0,12000.0,0.0,750.0
2018-05-29 18:04:02.109174,1023.0,2.5,0.0,12000.0,0.0,750.0
2018-05-29 18:04:02.310194,1023.0,2.5,0.0,12000.0,0.0,750.0
2018-05-29 18:04:02.511214,1023.0,2.5,0.0,12000.0,0.0,750.0
2018-05-29 18:04:02.712235,1023.0,2.5,0.0,12000.0,0.0,750.0
2018-05-29 18:04:02.915255,1023.0,2.5,0.0,12000.0,0.0,750.0
2018-05-29 18:04:03.115275,1023.0,2.5,0.0,12000.0,0.0,750.0
2018-05-29 18:04:03.316295,1023.0,2.5,0.0,12000.0,0.0,750.0
2018-05-29 18:04:03.517315,1023.0,2.5,0.0,12000.0,0.0,750.0
2018-05-29 18:04:03.719335,1023.0,2.5,0.0,12000.0,0.0,750.0
2018-05-29 18:04:03.921355,1023.0,2.5,0.0,12000.0,0.0,750.0
2018-05-29 18:04:04.121375,1023.0,2.5,0.0,12000.0,0.0,750.0
2018-05-29 18:04:04.323396,1023.0,2.5,0.0,12000.0,0.0,750.0
2018-05-29 18:04:04.523416,1023.0,2.5,0.0,12000.0,0.0,750.0
2018-05-29 18:04:04.724436,1023.0,2.5,0.0,12000.0,0.0,750.0
2018-05-29 18:04:04.926456,1023.0,2.5,0.0,12000.0,0.0,750.0
2018-05-29 18:04:05.127476,1023.0,2.5,0.0,12000.0,0.0,750.0
2018-05-29 18:04:05.330496,1023.0,2.5,0.0,12000.0,0.0,750.0
2018-05-29 18:04:05.531516,1023.0,2.5,0.0,12000.0,0.0,750.0
2018-05-29 18:04:05.732537,1023.0,2.5,0.0,12000.0,0.0,750.0
2018-05-29 18:04:05.933557,1023.0,2.5,0.0,12000.0,0.0,750.0
2018-05-29 18:04:06.134577,1023.0,2.5,0.0,12000.0,0.0,750.0
2018-05-29 18:04:06.339597,1023.0,2.5,0.0,12000.0,0.0,750.0
2018-05-29 18:04:06.536617,1023.0,2.5,0.0,12000.0,0.0,750.0
2018-05-29 18:04:06.737637,1023.0,2.5,0.0,12000.0,0.0,750.0
2018-05-29 18:04:06.938657,1023.0,2.5,0.0,12000.0,0.0,750.0
2018-05-29 18:04:07.142678,1023.0,2.5,0.0,12000.0,0.0,750.0
2018-05-29 18:04:07.343698,1023.0,2.5,0.0,12000.0,0.0,750.0
2018-05-29 18:04:07.545718,1023.0,2.5,0.0,12000.0,0.0,750.0
2018-05-29 18:04:07.747738,1023.0,2.5,0.0,12000.0,0.0,750.0
2018-05-29 18:04:07.947758,1023.0,2.5,0.0,12000.0,0.0,750.0
2018-05-29 18:04:08.148778,1023.0,2.5,0.0,12000.0,0.0,750.0
2018-05-29 18:04:08.349798,1023.0,2.5,0.0,12000.0,0.0,750.0
2018-05-29 18:04:08.550818,1023.0,2.5,0.0,12000.0,0.0,750.0
2018-05-29 18:04:08.751838,1023.0,2.5,0.0,12000.0,0.0,750.0
2018-05-29 18:04:08.952859,1023.0,2.5,0.0,12000.0,0.0,750.0
2018-05-29 18:04:09.155879,1023.0,2.5,0.0,12000.0,0.0,750.0
2018-05-29 18:04:09.356899,1023.0,2.5,0.0,12000.0,0.0,750.0
2018-05-29 18:04:09.558919,1023.0,2.5,0.0,12000.0,0.0,750.0
2018-05-29 18:04:09.763940,1023.0,2.5,0.0,12000.0,0.0,750.0
2018-05-29 18:04:09.960959,1023.0,2.5,0.0,12000.0,0.0,750.0
2018-05-29 18:04:10.161979,1023.0,2.5,0.0,12000.0,0.0,750.0
2018-05-29 18:04:10.363000,1023.0,2.5,0.0,12000.0,0.0,750.0
2018-05-29 18:04:10.564020,1023.0,2.5,0.0,12000.0,0.0,750.0
2018-05-29 18:04:10.765040,1023.0,2.5,0.0,12000.0,0.0,750.0
2018-05-29 18:04:10.966060,1023.0,2.5,0.0,12000.0,0.0,750.0
2018-05-29 18:04:11.172080,1023.0,2.5,0.0,12000.0,0.0,750.0
2018-05-29 18:04:11.375101,1023.0,2.5,0.0,12000.0,0.0,750.0
2018-05-29 18:04:11.576121,1023.0,2.5,0.0,12000.0,0.0,750.0
2018-05-29 18:04:11.780141,1023.0,2.5,0.0,12000.0,0.0,750.0
2018-05-29 18:04:11.978161,1023.0,2.5,0.0,12000.0,0.0,750.0
2018-05-29 18:04:12.179181,1023.0,2.5,0.0,12000.0,0.0,750.0
2018-05-29 18:04:12.380201,1023.0,2.5,0.0,12000.0,0.0,750.0
2018-05-29 18:04:12.581221,1023.0,2.5,0.0,12000.0,0.0,750.0
2018-05-29 18:04:12.782241,1023.0,2.5,0.0,12000.0,0.0,750.0
2018-05-29 18:04:12.983262,1023.0,2.5,0.0,12000.0,0.0,750.0
2018-05-29 18:04:13.188282,1023.0,2.5,0.0,12000.0,0.0,750.0
2018-05-29 18:04:13.385302,1023.0,2.5,0.0,12000.0,0.0,750.0
2018-05-29 18:04:13.587322,1023.0,2.5,0.0,12000.0,0.0,750.0
2018-05-29 18:04:13.790342,1023.0,2.5,0.0,12000.0,0.0,750.0
2018-05-29 18:04:13.991362,1023.0,2.5,0.0,12000.0,0.0,750.0
2018-05-29 18:04:14.192382,1023.0,2.5,0.0,12000.0,0.0,750.0
2018-05-29 18:04:14.393403,1023.0,2.5,0.0,12000.0,0.0,750.0
2018-05-29 18:04:14.596423,1023.0,2.5,0.0,12000.0,0.0,750.0
2018-05-29 18:04:14.795443,1023.0,2.5,0.0,12000.0,0.0,750.0
2018-05-29 18:04:14.996463,1023.0,2.5,0.0,12000.0,0.0,750.0
2018-05-29 18:04:15.197483,1023.0,2.5,0.0,12000.0,0.0,750.0
2018-05-29 18:04:15.399503,1023.0,2.5,0.0,12000.0,0.0,750.0
2018-05-29 18:04:15.600523,1023.0,2.5,0.0,12000.0,0.0,750.0
2018-05-29 18:04:15.802543,1023.0,2.5,0.0,12000.0,0.0,750.0
2018-05-29 18:04:16.005564,1023.0,2.5,0.0,12000.0,0.0,750.0
2018-05-29 18:04:16.206584,1023.0,2.5,0.0,12000.0,0.0,750.0
2018-05-29 18:04:16.407604,1023.0,2.5,0.0,12000.0,0.0,750.0
2018-05-29 18:04:16.612624,1023.0,2.5,0.0,12000.0,0.0,750.0
2018-05-29 18:04:16.810644,1023.0,2.5,0.0,12000.0,0.0,750.0
2018-05-29 18:04:17.011664,1023.0,2.5,0.0,12000.0,0.0,750.0
2018-05-29 18:04:17.213685,1023.0,2.5,0.0,12000.0,0.0,750.0
2018-05-29 18:04:17.415705,1023.0,2.5,0.0,12000.0,0.0,750.0
2018-05-29 18:04:17.616725,1023.0,2.5,0.0,12000.0,0.0,750.0
2018-05-29 18:04:17.817745,1023.0,2.5,0.0,12000.0,0.0,750.0
2018-05-29 18:04:18.020765,1023.0,2.5,0.0,12000.0,0.0,750.0
2018-05-29 18:04:18.221785,1023.0,2.5,0.0,12000.0,0.0,750.0
2018-05-29 18:04:18.422805,1023.0,2.5,0.0,12000.0,0.0,750.0
2018-05-29 18:04:18.628826,1023.0,2.5,0.0,12000.0,0.0,750.0
2018-05-29 18:04:18.826846,1023.0,2.5,0.0,12000.0,0.0,750.0
2018-05-29 18:04:19.027866,1023.0,2.5,0.0,12000.0,0.0,750.0
2018-05-29 18:04:19.228886,1023.0,2.5,0.0,12000.0,0.0,750.0
2018-05-29 18:04:19.429906,1023.0,2.5,0.0,12000.0,0.0,750.0
2018-05-29 18:04:19.630926,1023.0,2.5,0.0,12000.0,0.0,750.0
2018-05-29 18:04:19.831946,1023.0,2.5,0.0,12000.0,0.0,750.0
2018-05-29 18:04:20.036967,1023.0,2.5,0.0,12000.0,0.0,750.0
2018-05-29 18:04:20.233987,1023.0,2.5,0.0,12000.0,0.0,750.0
2018-05-29 18:04:20.438007,1023.0,2.5,0.0,12000.0,0.0,750.0
2018-05-29 18:04:20.639027,1023.0,2.5,0.0,12000.0,0.0,750.0
2018-05-29 18:04:20.840047,1023.0,2.5,0.0,12000.0,0.0,750.0
2018-05-29 18:04:21.041067,1023.0,2.5,0.0,12000.0,0.0,750.0
2018-05-29 18:04:21.242087,1023.0,2.5,0.0,12000.0,0.0,750.0
2018-05-29 18:04:21.444108,1023.0,2.5,0.0,12000.0,0.0,750.0
2018-05-29 18:04:21.644128,1023.0,2.5,0.0,12000.0,0.0,750.0
2018-05-29 18:04:21.845148,1023.0,2.5,0.0,12000.0,0.0,750.0
2018-05-29 18:04:22.046168,1023.0,2.5,0.0,12000.0,0.0,750.0
2018-05-29 18:04:22.248188,1023.0,2.5,0.0,12000.0,0.0,750.0
2018-05-29 18:04:22.452208,1023.0,2.5,0.0,12000.0,0.0,750.0
2018-05-29 18:04:22.650228,1023.0,2.5,0.0,12000.0,0.0,750.0
2018-05-29 18:04:22.851248,1023.0,2.5,0.0,12000.0,0.0,750.0
2018-05-29 18:04:23.052268,1023.0,2.5,0.0,12000.0,0.0,750.0
2018-05-29 18:04:23.253288,1023.0,2.5,0.0,12000.0,0.0,750.0
2018-05-29 18:04:23.454309,1023.0,2.5,0.0,12000.0,0.0,750.0
2018-05-29 18:04:23.655329,1023.0,2.5,0.0,12000.0,0.0,750.0
2018-05-29 18:04:23.860349,1023.0,2.5,0.0,12000.0,0.0,750.0
2018-05-29 18:04:24.057369,1023.0,2.5,0.0,12000.0,0.0,750.0
2018-05-29 18:04:24.258389,1023.0,2.5,0.0,12000.0,0.0,750.0
2018-05-29 18:04:24.459409,1023.0,2.5,0.0,12000.0,0.0,750.0
2018-05-29 18:04:24.660429,1023.0,2.5,0.0,12000.0,0.0,750.0
2018-05-29 18:04:24.863449,1023.0,2.5,0.0,12000.0,0.0,750.0
2018-05-29 18:04:25.065470,1023.0,2.5,0.0,12000.0,0.0,750.0
2018-05-29 18:04:25.268490,1023.0,2.5,0.0,12000.0,0.0,750.0
2018-05-29 18:04:25.467510,1023.0,2.5,0.0,12000.0,0.0,750.0
2018-05-29 18:04:25.668530,1023.0,2.5,0.0,12000.0,0.0,750.0
2018-05-29 18:04:25.871550,1023.0,2.5,0.0,12000.0,0.0,750.0
2018-05-29 18:04:26.070570,1023.0,2.5,0.0,12000.0,0.0,750.0
2018-05-29 18:04:26.271590,1023.0,2.5,0.0,12000.0,0.0,750.0
2018-05-29 18:04:26.473610,1023.0,2.5,0.0,12000.0,0.0,750.0
2018-05-29 18:04:26.675631,1023.0,2.5,0.0,12000.0,0.0,750.0
2018-05-29 18:04:26.876651,1023.0,2.5,0.0,12000.0,0.0,750.0
2018-05-29 18:04:27.077671,1023.0,2.5,0.0,12000.0,0.0,750.0
2018-05-29 18:04:27.278691,1023.0,2.5,0.0,12000.0,0.0,750.0
2018-05-29 18:04:27.479711,1023.0,2.5,0.0,12000.0,0.0,750.0
2018-05-29 18:04:27.684732,1023.0,2.5,0.0,12000.0,0.0,750.0
2018-05-29 18:04:27.881751,1023.0,2.5,0.0,12000.0,0.0,750.0
2018-05-29 18:04:28.084772,1023.0,2.5,0.0,12000.0,0.0,750.0
2018-05-29 18:04:28.285792,1023.0,2.5,0.0,12000.0,0.0,750.0
2018-05-29 18:04:28.487812,1023.0,2.5,0.0,12000.0,0.0,750.0
2018-05-29 18:04:28.688832,1023.0,2.5,0.0,12000.0,0.0,750.0
2018-05-29 18:04:28.891852,1023.0,2.5,0.0,12000.0,0.0,750.0
2018-05-29 18:04:29.092872,1023.0,2.5,0.0,12000.0,0.0,750.0
2018-05-29 18:04:29.293892,1023.0,2.5,0.0,12000.0,0.0,750.0
2018-05-29 18:04:29.494913,1023.0,2.5,0.0,12000.0,0.0,750.0
2018-05-29 18:04:29.695933,1023.0,2.5,0.0,12000.0,0.0,750.0
2018-05-29 18:04:29.897953,1023.0,2.5,0.0,12000.0,0.0,750.0
2018-05-29 18:04:30.098973,1023.0,2.5,0.0,12000.0,0.0,750.0
2018-05-29 18:04:30.299993,1023.0,2.5,0.0,12000.0,0.0,750.0
2018-05-29 18:04:30.501013,1023.0,2.5,0.0,12000.0,0.0,750.0
2018-05-29 18:04:30.703033,1023.0,2.5,0.0,12000.0,0.0,750.0
2018-05-29 18:04:30.909054,1023.0,2.5,0.0,12000.0,0.0,750.0
2018-05-29 18:04:31.110074,1023.0,2.5,0.0,12000.0,0.0,750.0
2018-05-29 18:04:31.311094,1023.0,2.5,0.0,12000.0,0.0,750.0
2018-05-29 18:04:31.512114,1023.0,2.5,0.0,12000.0,0.0,750.0
2018-05-29 18:04:31.717135,1023.0,2.5,0.0,12000.0,0.0,750.0
2018-05-29 18:04:31.914154,1023.0,2.5,0.0,12000.0,0.0,750.0
2018-05-29 18:04:32.115175,1023.0,2.5,0.0,12000.0,0.0,750.0
2018-05-29 18:04:32.316195,1023.0,2.5,0.0,12000.0,0.0,750.0
2018-05-29 18:04:32.517215,1023.0,2.5,0.0,12000.0,0.0,750.0
2018-05-29 18:04:32.718235,1023.0,2.5,0.0,12000.0,0.0,750.0
2018-05-29 18:04:32.919255,1023.0,2.5,0.0,12000.0,0.0,750.0
2018-05-29 18:04:33.120275,1023.0,2.5,0.0,12000.0,0.0,750.0
2018-05-29 18:04:33.322295,1023.0,2.5,0.0,12000.0,0.0,750.0
2018-05-29 18:04:33.524315,1023.0,2.5,0.0,12000.0,0.0,750.0
2018-05-29 18:04:33.725336,1023.0,2.5,0.0,12000.0,0.0,750.0
2018-05-29 18:04:33.926356,1023.0,2.5,0.0,12000.0,0.0,750.0
2018-05-29 18:04:34.127376,1023.0,2.5,0.0,12000.0,0.0,750.0
2018-05-29 18:04:34.328396,1023.0,2.5,0.0,12000.0,0.0,750.0
2018-05-29 18:04:34.533416,1023.0,2.5,0.0,12000.0,0.0,750.0
2018-05-29 18:04:34.730436,1023.0,2.5,0.0,12000.0,0.0,750.0
2018-05-29 18:04:34.933456,1023.0,2.5,0.0,12000.0,0.0,750.0
2018-05-29 18:04:35.134476,1023.0,2.5,0.0,12000.0,0.0,750.0
2018-05-29 18:04:35.335497,1023.0,2.5,0.0,12000.0,0.0,750.0
2018-05-29 18:04:35.536517,1023.0,2.5,0.0,12000.0,0.0,750.0
2018-05-29 18:04:35.737537,1023.0,2.5,0.0,12000.0,0.0,750.0
2018-05-29 18:04:35.941557,1023.0,2.5,0.0,12000.0,0.0,750.0
2018-05-29 18:04:36.140577,1023.0,2.5,0.0,12000.0,0.0,750.0
2018-05-29 18:04:36.342597,1023.0,2.5,0.0,12000.0,0.0,750.0
2018-05-29 18:04:36.549618,1023.0,2.5,0.0,12000.0,0.0,750.0
2018-05-29 18:04:36.748638,1023.0,2.5,0.0,12000.0,0.0,750.0
2018-05-29 18:04:36.958659,1023.0,2.5,0.0,12000.0,0.0,750.0
2018-05-29 18:04:37.160679,1023.0,2.5,0.0,12000.0,0.0,750.0
2018-05-29 18:04:37.362699,1023.0,2.5,0.0,12000.0,0.0,750.0
2018-05-29 18:04:37.563719,1023.0,2.5,0.0,12000.0,0.0,750.0
2018-05-29 18:04:37.764739,1023.0,2.5,0.0,12000.0,0.0,750.0
2018-05-29 18:04:37.965760,1023.0,2.5,0.0,12000.0,0.0,750.0
2018-05-29 18:04:38.166780,1023.0,2.5,0.0,12000.0,0.0,750.0
2018-05-29 18:04:38.367800,1023.0,2.5,0.0,12000.0,0.0,750.0
2018-05-29 18:04:38.568820,1023.0,2.5,0.0,12000.0,0.0,750.0
2018-05-29 18:04:38.769840,1023.0,2.5,0.0,12000.0,0.0,750.0
2018-05-29 18:04:38.970860,1023.0,2.5,0.0,12000.0,0.0,750.0
2018-05-29 18:04:39.175881,1023.0,2.5,0.0,12000.0,0.0,750.0
2018-05-29 18:04:39.376901,1023.0,2.5,0.0,12000.0,0.0,750.0
2018-05-29 18:04:39.578921,1023.0,2.5,0.0,12000.0,0.0,750.0
2018-05-29 18:04:39.780941,1023.0,2.5,0.0,12000.0,0.0,750.0
2018-05-29 18:04:39.980961,1023.0,2.5,0.0,12000.0,0.0,750.0
2018-05-29 18:04:40.181981,1023.0,2.5,0.0,12000.0,0.0,750.0
2018-05-29 18:04:40.383001,1023.0,2.5,0.0,12000.0,0.0,750.0
2018-05-29 18:04:40.584021,1023.0,2.5,0.0,12000.0,0.0,750.0
2018-05-29 18:04:40.786042,1023.0,2.5,0.0,12000.0,0.0,750.0
2018-05-29 18:04:40.987062,1023.0,2.5,0.0,12000.0,0.0,750.0
2018-05-29 18:04:41.189082,1023.0,2.5,0.0,12000.0,0.0,750.0
2018-05-29 18:04:41.389102,1023.0,2.5,0.0,12000.0,0.0,750.0
2018-05-29 18:04:41.590122,1023.0,2.5,0.0,12000.0,0.0,750.0
2018-05-29 18:04:41.791142,1023.0,2.5,0.0,12000.0,0.0,750.0
2018-05-29 18:04:41.992162,1023.0,2.5,0.0,12000.0,0.0,750.0
2018-05-29 18:04:42.193182,1023.0,2.5,0.0,12000.0,0.0,750.0
2018-05-29 18:04:42.394202,1023.0,2.5,0.0,12000.0,0.0,750.0
2018-05-29 18:04:42.597223,1023.0,2.5,0.0,12000.0,0.0,750.0
2018-05-29 18:04:42.797243,1023.0,2.5,0.0,12000.0,0.0,750.0
2018-05-29 18:04:42.997263,1023.0,2.5,0.0,12000.0,0.0,750.0
2018-05-29 18:04:43.198283,1023.0,2.5,0.0,12000.0,0.0,750.0
2018-05-29 18:04:43.401303,1023.0,2.5,0.0,12000.0,0.0,750.0
2018-05-29 18:04:43.605323,1023.0,2.5,0.0,12000.0,0.0,750.0
2018-05-29 18:04:43.803343,1023.0,2.5,0.0,12000.0,0.0,750.0
2018-05-29 18:04:44.004363,1023.0,2.5,0.0,12000.0,0.0,750.0
2018-05-29 18:04:44.205383,1023.0,2.5,0.0,12000.0,0.0,750.0
2018-05-29 18:04:44.406404,1023.0,2.5,0.0,12000.0,0.0,750.0
2018-05-29 18:04:44.607424,1023.0,2.5,0.0,12000.0,0.0,750.0
2018-05-29 18:04:44.808444,1023.0,2.5,0.0,12000.0,0.0,750.0
2018-05-29 18:04:45.013464,1023.0,2.5,0.0,12000.0,0.0,750.0
2018-05-29 18:04:45.211484,1023.0,2.5,0.0,12000.0,0.0,750.0
2018-05-29 18:04:45.412504,1023.0,2.5,0.0,12000.0,0.0,750.0
2018-05-29 18:04:45.613524,1023.0,2.5,0.0,12000.0,0.0,750.0
2018-05-29 18:04:45.814544,1023.0,2.5,0.0,12000.0,0.0,750.0
2018-05-29 18:04:46.020565,1023.0,2.5,0.0,12000.0,0.0,750.0
2018-05-29 18:04:46.222585,1023.0,2.5,0.0,12000.0,0.0,750.0
2018-05-29 18:04:46.425605,1023.0,2.5,0.0,12000.0,0.0,750.0
2018-05-29 18:04:46.638627,1023.0,2.5,0.0,12000.0,0.0,750.0
2018-05-29 18:04:46.844647,1023.0,2.5,0.0,12000.0,0.0,750.0
2018-05-29 18:04:47.044667,1023.0,2.5,0.0,12000.0,0.0,750.0
2018-05-29 18:04:47.245687,1023.0,2.5,0.0,12000.0,0.0,750.0
2018-05-29 18:04:47.449708,1023.0,2.5,0.0,12000.0,0.0,750.0
2018-05-29 18:04:47.659729,1023.0,2.5,0.0,12000.0,0.0,750.0
2018-05-29 18:04:47.874750,1023.0,2.5,0.0,12000.0,0.0,750.0
2018-05-29 18:04:48.087772,1023.0,2.5,0.0,12000.0,0.0,750.0
2018-05-29 18:04:48.288792,1023.0,2.5,0.0,12000.0,0.0,750.0
2018-05-29 18:04:48.489812,1023.0,2.5,0.0,12000.0,0.0,750.0
2018-05-29 18:04:48.693832,1023.0,2.5,0.0,12000.0,0.0,750.0
2018-05-29 18:04:48.897853,1023.0,2.5,0.0,12000.0,0.0,750.0
2018-05-29 18:04:49.098873,1023.0,2.5,0.0,12000.0,0.0,750.0
2018-05-29 18:04:49.301893,1023.0,2.5,0.0,12000.0,0.0,750.0
2018-05-29 18:04:49.500913,1023.0,2.5,0.0,12000.0,0.0,750.0
2018-05-29 18:04:49.702933,1023.0,2.5,0.0,12000.0,0.0,750.0
2018-05-29 18:04:49.903953,1023.0,2.5,0.0,12000.0,0.0,750.0
2018-05-29 18:04:50.105973,1023.0,2.5,0.0,12000.0,0.0,750.0
2018-05-29 18:04:50.306994,1023.0,2.5,0.0,12000.0,0.0,750.0
2018-05-29 18:04:50.508014,1023.0,2.5,0.0,12000.0,0.0,750.0
2018-05-29 18:04:50.709034,1023.0,2.5,0.0,12000.0,0.0,750.0
2018-05-29 18:04:50.911054,1023.0,2.5,0.0,12000.0,0.0,750.0
2018-05-29 18:04:51.112074,1023.0,2.5,0.0,12000.0,0.0,750.0
2018-05-29 18:04:51.313094,1023.0,2.5,0.0,12000.0,0.0,750.0
2018-05-29 18:04:51.514114,1023.0,2.5,0.0,12000.0,0.0,750.0
2018-05-29 18:04:51.715134,1023.0,2.5,0.0,12000.0,0.0,750.0
2018-05-29 18:04:51.921155,1023.0,2.5,0.0,12000.0,0.0,750.0
2018-05-29 18:04:52.123175,1023.0,2.5,0.0,12000.0,0.0,750.0
2018-05-29 18:04:52.324195,1023.0,2.5,0.0,12000.0,0.0,750.0
2018-05-29 18:04:52.525215,1023.0,2.5,0.0,12000.0,0.0,750.0
2018-05-29 18:04:52.726235,1023.0,2.5,0.0,12000.0,0.0,750.0
2018-05-29 18:04:52.927256,1023.0,2.5,0.0,12000.0,0.0,750.0
2018-05-29 18:04:53.128276,1023.0,2.5,0.0,12000.0,0.0,750.0
2018-05-29 18:04:53.334296,1023.0,2.5,0.0,12000.0,0.0,750.0
2018-05-29 18:04:53.532316,1023.0,2.5,0.0,12000.0,0.0,750.0
2018-05-29 18:04:53.733336,1023.0,2.5,0.0,12000.0,0.0,750.0
2018-05-29 18:04:53.934356,1023.0,2.5,0.0,12000.0,0.0,750.0
2018-05-29 18:04:54.135376,1023.0,2.5,0.0,12000.0,0.0,750.0
2018-05-29 18:04:54.336396,1023.0,2.5,0.0,12000.0,0.0,750.0
2018-05-29 18:04:54.537417,1023.0,2.5,0.0,12000.0,0.0,750.0
2018-05-29 18:04:54.742437,1023.0,2.5,0.0,12000.0,0.0,750.0
2018-05-29 18:04:54.942457,1023.0,2.5,0.0,12000.0,0.0,750.0
2018-05-29 18:04:55.143477,1023.0,2.5,0.0,12000.0,0.0,750.0
2018-05-29 18:04:55.344497,1023.0,2.5,0.0,12000.0,0.0,750.0
2018-05-29 18:04:55.545517,1023.0,2.5,0.0,12000.0,0.0,750.0
2018-05-29 18:04:55.746537,1023.0,2.5,0.0,12000.0,0.0,750.0
2018-05-29 18:04:55.947558,1023.0,2.5,0.0,12000.0,0.0,750.0
2018-05-29 18:04:56.151578,1023.0,2.5,0.0,12000.0,0.0,750.0
2018-05-29 18:04:56.352598,1023.0,2.5,0.0,12000.0,0.0,750.0
2018-05-29 18:04:56.553618,1023.0,2.5,0.0,12000.0,0.0,750.0
2018-05-29 18:04:56.757639,1023.0,2.5,0.0,12000.0,0.0,750.0
2018-05-29 18:04:56.955658,1023.0,2.5,0.0,12000.0,0.0,750.0
2018-05-29 18:04:57.156678,1023.0,2.5,0.0,12000.0,0.0,750.0
2018-05-29 18:04:57.357699,1023.0,2.5,0.0,12000.0,0.0,750.0
2018-05-29 18:04:57.558719,1023.0,2.5,0.0,12000.0,0.0,750.0
2018-05-29 18:04:57.759739,1023.0,2.5,0.0,12000.0,0.0,750.0
2018-05-29 18:04:57.961759,1023.0,2.5,0.0,12000.0,0.0,750.0
2018-05-29 18:04:58.165779,1023.0,2.5,0.0,12000.0,0.0,750.0
2018-05-29 18:04:58.362799,1023.0,2.5,0.0,12000.0,0.0,750.0
2018-05-29 18:04:58.563819,1023.0,2.5,0.0,12000.0,0.0,750.0
2018-05-29 18:04:58.765839,1023.0,2.5,0.0,12000.0,0.0,750.0
2018-05-29 18:04:58.966859,1023.0,2.5,0.0,12000.0,0.0,750.0
2018-05-29 18:04:59.167880,1023.0,2.5,0.0,12000.0,0.0,750.0
2018-05-29 18:04:59.368900,1023.0,2.5,0.0,12000.0,0.0,750.0
2018-05-29 18:04:59.573920,1023.0,2.5,0.0,12000.0,0.0,750.0
2018-05-29 18:04:59.770940,1023.0,2.5,0.0,12000.0,0.0,750.0
2018-05-29 18:04:59.971960,1023.0,2.5,0.0,12000.0,0.0,750.0
2018-05-29 18:05:00.172980,1023.0,2.5,0.0,12000.0,0.0,750.0
2018-05-29 18:05:00.376000,1023.0,2.5,0.0,12000.0,0.0,750.0
2018-05-29 18:05:00.577020,1023.0,2.5,0.0,12000.0,0.0,750.0
2018-05-29 18:05:00.778041,1023.0,2.5,0.0,12000.0,0.0,750.0
2018-05-29 18:05:00.982061,1023.0,2.5,0.0,12000.0,0.0,750.0
2018-05-29 18:05:01.181081,1023.0,2.5,0.0,12000.0,0.0,750.0
2018-05-29 18:05:01.382101,1023.0,2.5,0.0,12000.0,0.0,750.0
2018-05-29 18:05:01.583121,1023.0,2.5,0.0,12000.0,0.0,750.0
2018-05-29 18:05:01.784141,1023.0,2.5,0.0,12000.0,0.0,750.0
2018-05-29 18:05:01.985161,1023.0,2.5,0.0,12000.0,0.0,750.0
2018-05-29 18:05:02.186181,1023.0,2.5,0.0,12000.0,0.0,750.0
2018-05-29 18:05:02.390202,1023.0,2.5,0.0,12000.0,0.0,750.0
2018-05-29 18:05:02.588222,1023.0,2.5,0.0,12000.0,0.0,750.0
2018-05-29 18:05:02.789242,1023.0,2.5,0.0,12000.0,0.0,750.0
2018-05-29 18:05:02.991262,1023.0,2.5,0.0,12000.0,0.0,750.0
2018-05-29 18:05:03.193282,1023.0,2.5,0.0,12000.0,0.0,750.0
2018-05-29 18:05:03.402303,1023.0,2.5,0.0,12000.0,0.0,750.0
2018-05-29 18:05:03.606323,1023.0,2.5,0.0,12000.0,0.0,750.0
2018-05-29 18:05:03.804343,1023.0,2.5,0.0,12000.0,0.0,750.0
2018-05-29 18:05:04.005363,1023.0,2.5,0.0,12000.0,0.0,750.0
2018-05-29 18:05:04.206383,1023.0,2.5,0.0,12000.0,0.0,750.0
2018-05-29 18:05:04.407403,1023.0,2.5,0.0,12000.0,0.0,750.0
2018-05-29 18:05:04.608424,1023.0,2.5,0.0,12000.0,0.0,750.0
2018-05-29 18:05:04.810444,1023.0,2.5,0.0,12000.0,0.0,750.0
2018-05-29 18:05:05.014464,1023.0,2.5,0.0,12000.0,0.0,750.0
2018-05-29 18:05:05.211484,1023.0,2.5,0.0,12000.0,0.0,750.0
2018-05-29 18:05:05.412504,1023.0,2.5,0.0,12000.0,0.0,750.0
2018-05-29 18:05:05.613524,1023.0,2.5,0.0,12000.0,0.0,750.0
2018-05-29 18:05:05.815544,1023.0,2.5,0.0,12000.0,0.0,750.0
2018-05-29 18:05:06.016564,1023.0,2.5,0.0,12000.0,0.0,750.0
2018-05-29 18:05:06.217584,1023.0,2.5,0.0,12000.0,0.0,750.0
2018-05-29 18:05:06.422605,1023.0,2.5,0.0,12000.0,0.0,750.0
2018-05-29 18:05:06.619625,1023.0,2.5,0.0,12000.0,0.0,750.0
2018-05-29 18:05:06.820645,1023.0,2.5,0.0,12000.0,0.0,750.0
2018-05-29 18:05:07.021665,1023.0,2.5,0.0,12000.0,0.0,750.0
2018-05-29 18:05:07.222685,1023.0,2.5,0.0,12000.0,0.0,750.0
2018-05-29 18:05:07.423705,1023.0,2.5,0.0,12000.0,0.0,750.0
2018-05-29 18:05:07.624725,1023.0,2.5,0.0,12000.0,0.0,750.0
2018-05-29 18:05:07.830746,1023.0,2.5,0.0,12000.0,0.0,750.0
2018-05-29 18:05:08.027765,1023.0,2.5,0.0,12000.0,0.0,750.0
2018-05-29 18:05:08.228786,1023.0,2.5,0.0,12000.0,0.0,750.0
2018-05-29 18:05:08.429806,1023.0,2.5,0.0,12000.0,0.0,750.0
2018-05-29 18:05:08.630826,1023.0,2.5,0.0,12000.0,0.0,750.0
2018-05-29 18:05:08.835846,1023.0,2.5,0.0,12000.0,0.0,750.0
2018-05-29 18:05:09.036866,1023.0,2.5,0.0,12000.0,0.0,750.0
2018-05-29 18:05:09.238887,1023.0,2.5,0.0,12000.0,0.0,750.0
2018-05-29 18:05:09.440907,1023.0,2.5,0.0,12000.0,0.0,750.0
2018-05-29 18:05:09.641927,1023.0,2.5,0.0,12000.0,0.0,750.0
2018-05-29 18:05:09.846947,1023.0,2.5,0.0,12000.0,0.0,750.0
2018-05-29 18:05:10.045967,1023.0,2.5,0.0,12000.0,0.0,750.0
2018-05-29 18:05:10.246987,1023.0,2.5,0.0,12000.0,0.0,750.0
2018-05-29 18:05:10.448007,1023.0,2.5,0.0,12000.0,0.0,750.0
2018-05-29 18:05:10.650028,1023.0,2.5,0.0,12000.0,0.0,750.0
2018-05-29 18:05:10.851048,1023.0,2.5,0.0,12000.0,0.0,750.0
2018-05-29 18:05:11.053068,1023.0,2.5,0.0,12000.0,0.0,750.0
2018-05-29 18:05:11.255088,1023.0,2.5,0.0,12000.0,0.0,750.0
2018-05-29 18:05:11.455108,1023.0,2.5,0.0,12000.0,0.0,750.0
2018-05-29 18:05:11.656128,1023.0,2.5,0.0,12000.0,0.0,750.0
2018-05-29 18:05:11.857148,1023.0,2.5,0.0,12000.0,0.0,750.0
2018-05-29 18:05:12.058168,1023.0,2.5,0.0,12000.0,0.0,750.0
2018-05-29 18:05:12.259189,1023.0,2.5,0.0,12000.0,0.0,750.0
2018-05-29 18:05:12.460209,1023.0,2.5,0.0,12000.0,0.0,750.0
2018-05-29 18:05:12.663229,1023.0,2.5,0.0,12000.0,0.0,750.0
2018-05-29 18:05:12.862249,1023.0,2.5,0.0,12000.0,0.0,750.0
2018-05-29 18:05:13.072270,1023.0,2.5,0.0,12000.0,0.0,750.0
2018-05-29 18:05:13.273290,1023.0,2.5,0.0,12000.0,0.0,750.0
2018-05-29 18:05:13.474310,1023.0,2.5,0.0,12000.0,0.0,750.0
2018-05-29 18:05:13.675330,1023.0,2.5,0.0,12000.0,0.0,750.0
2018-05-29 18:05:13.878350,1023.0,2.5,0.0,12000.0,0.0,750.0
2018-05-29 18:05:14.079371,1023.0,2.5,0.0,12000.0,0.0,750.0
2018-05-29 18:05:14.280391,1023.0,2.5,0.0,12000.0,0.0,750.0
2018-05-29 18:05:14.481411,1023.0,2.5,0.0,12000.0,0.0,750.0
2018-05-29 18:05:14.682431,1023.0,2.5,0.0,12000.0,0.0,750.0
2018-05-29 18:05:14.883451,1023.0,2.5,0.0,12000.0,0.0,750.0
2018-05-29 18:05:15.084471,1023.0,2.5,0.0,12000.0,0.0,750.0
2018-05-29 18:05:15.286491,1023.0,2.5,0.0,12000.0,0.0,750.0
2018-05-29 18:05:15.487511,1023.0,2.5,0.0,12000.0,0.0,750.0
2018-05-29 18:05:15.690532,1023.0,2.5,0.0,12000.0,0.0,750.0
2018-05-29 18:05:15.894552,1023.0,2.5,0.0,12000.0,0.0,750.0
2018-05-29 18:05:16.094572,1023.0,2.5,0.0,12000.0,0.0,750.0
2018-05-29 18:05:16.295592,1023.0,2.5,0.0,12000.0,0.0,750.0
2018-05-29 18:05:16.496612,1023.0,2.5,0.0,12000.0,0.0,750.0
2018-05-29 18:05:16.697632,1023.0,2.5,0.0,12000.0,0.0,750.0
2018-05-29 18:05:16.898652,1023.0,2.5,0.0,12000.0,0.0,750.0
2018-05-29 18:05:17.100673,1023.0,2.5,0.0,12000.0,0.0,750.0
2018-05-29 18:05:17.306693,1023.0,2.5,0.0,12000.0,0.0,750.0
2018-05-29 18:05:17.506713,1023.0,2.5,0.0,12000.0,0.0,750.0
2018-05-29 18:05:17.707733,1023.0,2.5,0.0,12000.0,0.0,750.0
2018-05-29 18:05:17.908753,1023.0,2.5,0.0,12000.0,0.0,750.0
2018-05-29 18:05:18.109774,1023.0,2.5,0.0,12000.0,0.0,750.0
2018-05-29 18:05:18.313794,1023.0,2.5,0.0,12000.0,0.0,750.0
2018-05-29 18:05:18.518814,1023.0,2.5,0.0,12000.0,0.0,750.0
2018-05-29 18:05:18.715834,1023.0,2.5,0.0,12000.0,0.0,750.0
2018-05-29 18:05:18.917854,1023.0,2.5,0.0,12000.0,0.0,750.0
2018-05-29 18:05:19.118874,1023.0,2.5,0.0,12000.0,0.0,750.0
2018-05-29 18:05:19.319895,1023.0,2.5,0.0,12000.0,0.0,750.0
2018-05-29 18:05:19.520915,1023.0,2.5,0.0,12000.0,0.0,750.0
2018-05-29 18:05:19.721935,1023.0,2.5,0.0,12000.0,0.0,750.0
2018-05-29 18:05:19.926955,1023.0,2.5,0.0,12000.0,0.0,750.0
2018-05-29 18:05:20.125975,1023.0,2.5,0.0,12000.0,0.0,750.0
2018-05-29 18:05:20.326995,1023.0,2.5,0.0,12000.0,0.0,750.0
2018-05-29 18:05:20.528015,1023.0,2.5,0.0,12000.0,0.0,750.0
2018-05-29 18:05:20.729035,1023.0,2.5,0.0,12000.0,0.0,750.0
2018-05-29 18:05:20.931056,1023.0,2.5,0.0,12000.0,0.0,750.0
2018-05-29 18:05:21.132076,1023.0,2.5,0.0,12000.0,0.0,750.0
2018-05-29 18:05:21.335096,1023.0,2.5,0.0,12000.0,0.0,750.0
2018-05-29 18:05:21.534116,1023.0,2.5,0.0,12000.0,0.0,750.0
2018-05-29 18:05:21.735136,1023.0,2.5,0.0,12000.0,0.0,750.0
2018-05-29 18:05:21.937156,1023.0,2.5,0.0,12000.0,0.0,750.0
2018-05-29 18:05:22.139176,1023.0,2.5,0.0,12000.0,0.0,750.0
2018-05-29 18:05:22.340197,1023.0,2.5,0.0,12000.0,0.0,750.0
2018-05-29 18:05:22.541217,1023.0,2.5,0.0,12000.0,0.0,750.0
2018-05-29 18:05:22.743237,1023.0,2.5,0.0,12000.0,0.0,750.0
2018-05-29 18:05:22.944257,1023.0,2.5,0.0,12000.0,0.0,750.0
2018-05-29 18:05:23.145277,1023.0,2.5,0.0,12000.0,0.0,750.0
2018-05-29 18:05:23.346297,1023.0,2.5,0.0,12000.0,0.0,750.0
2018-05-29 18:05:23.547317,1023.0,2.5,0.0,12000.0,0.0,750.0
2018-05-29 18:05:23.748337,1023.0,2.5,0.0,12000.0,0.0,750.0
2018-05-29 18:05:23.949357,1023.0,2.5,0.0,12000.0,0.0,750.0
2018-05-29 18:05:24.151378,1023.0,2.5,0.0,12000.0,0.0,750.0
2018-05-29 18:05:24.351398,1023.0,2.5,0.0,12000.0,0.0,750.0
2018-05-29 18:05:24.552418,1023.0,2.5,0.0,12000.0,0.0,750.0
2018-05-29 18:05:24.753438,1023.0,2.5,0.0,12000.0,0.0,750.0
2018-05-29 18:05:24.959458,1023.0,2.5,0.0,12000.0,0.0,750.0
2018-05-29 18:05:25.160479,1023.0,2.5,0.0,12000.0,0.0,750.0
2018-05-29 18:05:25.362499,1023.0,2.5,0.0,12000.0,0.0,750.0
2018-05-29 18:05:25.563519,1023.0,2.5,0.0,12000.0,0.0,750.0
2018-05-29 18:05:25.766539,1023.0,2.5,0.0,12000.0,0.0,750.0
2018-05-29 18:05:25.967559,1023.0,2.5,0.0,12000.0,0.0,750.0
2018-05-29 18:05:26.168579,1023.0,2.5,0.0,12000.0,0.0,750.0
2018-05-29 18:05:26.369599,1023.0,2.5,0.0,12000.0,0.0,750.0
2018-05-29 18:05:26.570620,1023.0,2.5,0.0,12000.0,0.0,750.0
2018-05-29 18:05:26.775640,1023.0,2.5,0.0,12000.0,0.0,750.0
2018-05-29 18:05:26.972660,1023.0,2.5,0.0,12000.0,0.0,750.0
2018-05-29 18:05:27.174680,1023.0,2.5,0.0,12000.0,0.0,750.0
2018-05-29 18:05:27.375700,1023.0,2.5,0.0,12000.0,0.0,750.0
2018-05-29 18:05:27.577720,1023.0,2.5,0.0,12000.0,0.0,750.0
2018-05-29 18:05:27.778740,1023.0,2.5,0.0,12000.0,0.0,750.0
2018-05-29 18:05:27.980761,1023.0,2.5,0.0,12000.0,0.0,750.0
2018-05-29 18:05:28.183781,1023.0,2.5,0.0,12000.0,0.0,750.0
2018-05-29 18:05:28.382801,1023.0,2.5,0.0,12000.0,0.0,750.0
2018-05-29 18:05:28.583821,1023.0,2.5,0.0,12000.0,0.0,750.0
2018-05-29 18:05:28.784841,1023.0,2.5,0.0,12000.0,0.0,750.0
2018-05-29 18:05:28.985861,1023.0,2.5,0.0,12000.0,0.0,750.0
2018-05-29 18:05:29.186881,1023.0,2.5,0.0,12000.0,0.0,750.0
2018-05-29 18:05:29.387901,1023.0,2.5,0.0,12000.0,0.0,750.0
2018-05-29 18:05:29.591922,1023.0,2.5,0.0,12000.0,0.0,750.0
2018-05-29 18:05:29.791942,1023.0,2.5,0.0,12000.0,0.0,750.0
2018-05-29 18:05:29.993962,1023.0,2.5,0.0,12000.0,0.0,750.0
2018-05-29 18:05:30.198982,1023.0,2.5,0.0,12000.0,0.0,750.0
2018-05-29 18:05:30.396002,1023.0,2.5,0.0,12000.0,0.0,750.0
2018-05-29 18:05:30.597022,1023.0,2.5,0.0,12000.0,0.0,750.0
2018-05-29 18:05:30.798042,1023.0,2.5,0.0,12000.0,0.0,750.0
2018-05-29 18:05:31.001063,1023.0,2.5,0.0,12000.0,0.0,750.0
2018-05-29 18:05:31.202083,1023.0,2.5,0.0,12000.0,0.0,750.0
2018-05-29 18:05:31.403103,1023.0,2.5,0.0,12000.0,0.0,750.0
2018-05-29 18:05:31.607123,1023.0,2.5,0.0,12000.0,0.0,750.0
2018-05-29 18:05:31.805143,1023.0,2.5,0.0,12000.0,0.0,750.0
2018-05-29 18:05:32.006163,1023.0,2.5,0.0,12000.0,0.0,750.0
2018-05-29 18:05:32.207183,1023.0,2.5,0.0,12000.0,0.0,750.0
2018-05-29 18:05:32.408203,1023.0,2.5,0.0,12000.0,0.0,750.0
2018-05-29 18:05:32.609223,1023.0,2.5,0.0,12000.0,0.0,750.0
2018-05-29 18:05:32.810243,1023.0,2.5,0.0,12000.0,0.0,750.0
2018-05-29 18:05:33.016264,1023.0,2.5,0.0,12000.0,0.0,750.0
2018-05-29 18:05:33.220284,1023.0,2.5,0.0,12000.0,0.0,750.0
2018-05-29 18:05:33.422305,1023.0,2.5,0.0,12000.0,0.0,750.0
2018-05-29 18:05:33.623325,1023.0,2.5,0.0,12000.0,0.0,750.0
2018-05-29 18:05:33.824345,1023.0,2.5,0.0,12000.0,0.0,750.0
2018-05-29 18:05:34.025365,1023.0,2.5,0.0,12000.0,0.0,750.0
2018-05-29 18:05:34.233386,1023.0,2.5,0.0,12000.0,0.0,750.0
2018-05-29 18:05:34.434406,1023.0,2.5,0.0,12000.0,0.0,750.0
2018-05-29 18:05:34.635426,1023.0,2.5,0.0,12000.0,0.0,750.0
2018-05-29 18:05:34.839446,1023.0,2.5,0.0,12000.0,0.0,750.0
2018-05-29 18:05:35.037466,1023.0,2.5,0.0,12000.0,0.0,750.0
2018-05-29 18:05:35.239486,1023.0,2.5,0.0,12000.0,0.0,750.0
2018-05-29 18:05:35.440506,1023.0,2.5,0.0,12000.0,0.0,750.0
2018-05-29 18:05:35.641527,1023.0,2.5,0.0,12000.0,0.0,750.0
2018-05-29 18:05:35.842547,1023.0,2.5,0.0,12000.0,0.0,750.0
2018-05-29 18:05:36.044567,1023.0,2.5,0.0,12000.0,0.0,750.0
2018-05-29 18:05:36.248587,1023.0,2.5,0.0,12000.0,0.0,750.0
2018-05-29 18:05:36.446607,1023.0,2.5,0.0,12000.0,0.0,750.0
2018-05-29 18:05:36.648627,1023.0,2.5,0.0,12000.0,0.0,750.0
2018-05-29 18:05:36.849647,1023.0,2.5,0.0,12000.0,0.0,750.0
2018-05-29 18:05:37.050667,1023.0,2.5,0.0,12000.0,0.0,750.0
2018-05-29 18:05:37.251688,1023.0,2.5,0.0,12000.0,0.0,750.0
2018-05-29 18:05:37.453708,1023.0,2.5,0.0,12000.0,0.0,750.0
2018-05-29 18:05:37.655728,1023.0,2.5,0.0,12000.0,0.0,750.0
2018-05-29 18:05:37.855748,1023.0,2.5,0.0,12000.0,0.0,750.0
2018-05-29 18:05:38.056768,1023.0,2.5,0.0,12000.0,0.0,750.0
2018-05-29 18:05:38.257788,1023.0,2.5,0.0,12000.0,0.0,750.0
2018-05-29 18:05:38.461809,1023.0,2.5,0.0,12000.0,0.0,750.0
2018-05-29 18:05:38.663829,1023.0,2.5,0.0,12000.0,0.0,750.0
2018-05-29 18:05:38.864849,1023.0,2.5,0.0,12000.0,0.0,750.0
2018-05-29 18:05:39.065869,1023.0,2.5,0.0,12000.0,0.0,750.0
2018-05-29 18:05:39.266889,1023.0,2.5,0.0,12000.0,0.0,750.0
2018-05-29 18:05:39.467909,1023.0,2.5,0.0,12000.0,0.0,750.0
2018-05-29 18:05:39.668929,1023.0,2.5,0.0,12000.0,0.0,750.0
2018-05-29 18:05:39.869949,1023.0,2.5,0.0,12000.0,0.0,750.0
2018-05-29 18:05:40.071970,1023.0,2.5,0.0,12000.0,0.0,750.0
2018-05-29 18:05:40.271990,1023.0,2.5,0.0,12000.0,0.0,750.0
2018-05-29 18:05:40.473010,1023.0,2.5,0.0,12000.0,0.0,750.0
2018-05-29 18:05:40.674030,1023.0,2.5,0.0,12000.0,0.0,750.0
2018-05-29 18:05:40.875050,1023.0,2.5,0.0,12000.0,0.0,750.0
2018-05-29 18:05:41.076070,1023.0,2.5,0.0,12000.0,0.0,750.0
2018-05-29 18:05:41.277090,1023.0,2.5,0.0,12000.0,0.0,750.0
2018-05-29 18:05:41.480110,1023.0,2.5,0.0,12000.0,0.0,750.0
2018-05-29 18:05:41.679130,1023.0,2.5,0.0,12000.0,0.0,750.0
2018-05-29 18:05:41.880150,1023.0,2.5,0.0,12000.0,0.0,750.0
2018-05-29 18:05:42.081170,1023.0,2.5,0.0,12000.0,0.0,750.0
2018-05-29 18:05:42.282191,1023.0,2.5,0.0,12000.0,0.0,750.0
2018-05-29 18:05:42.484211,1023.0,2.5,0.0,12000.0,0.0,750.0
2018-05-29 18:05:42.687231,1023.0,2.5,0.0,12000.0,0.0,750.0
2018-05-29 18:05:42.888251,1023.0,2.5,0.0,12000.0,0.0,750.0
2018-05-29 18:05:43.091271,1023.0,2.5,0.0,12000.0,0.0,750.0
2018-05-29 18:05:43.293292,1023.0,2.5,0.0,12000.0,0.0,750.0
2018-05-29 18:05:43.496312,1023.0,2.5,0.0,12000.0,0.0,750.0
2018-05-29 18:05:43.696332,1023.0,2.5,0.0,12000.0,0.0,750.0
2018-05-29 18:05:43.897352,1023.0,2.5,0.0,12000.0,0.0,750.0
2018-05-29 18:05:44.098372,1023.0,2.5,0.0,12000.0,0.0,750.0
2018-05-29 18:05:44.299392,1023.0,2.5,0.0,12000.0,0.0,750.0
2018-05-29 18:05:44.500412,1023.0,2.5,0.0,12000.0,0.0,750.0
2018-05-29 18:05:44.701432,1023.0,2.5,0.0,12000.0,0.0,750.0
2018-05-29 18:05:44.904453,1023.0,2.5,0.0,12000.0,0.0,750.0
2018-05-29 18:05:45.104473,1023.0,2.5,0.0,12000.0,0.0,750.0
2018-05-29 18:05:45.305493,1023.0,2.5,0.0,12000.0,0.0,750.0
2018-05-29 18:05:45.506513,1023.0,2.5,0.0,12000.0,0.0,750.0
2018-05-29 18:05:45.707533,1023.0,2.5,0.0,12000.0,0.0,750.0
2018-05-29 18:05:45.909553,1023.0,2.5,0.0,12000.0,0.0,750.0
2018-05-29 18:05:46.111573,1023.0,2.5,0.0,12000.0,0.0,750.0
2018-05-29 18:05:46.312594,1023.0,2.5,0.0,12000.0,0.0,750.0
2018-05-29 18:05:46.513614,1023.0,2.5,0.0,12000.0,0.0,750.0
2018-05-29 18:05:46.714634,1023.0,2.5,0.0,12000.0,0.0,750.0
2018-05-29 18:05:46.920654,1023.0,2.5,0.0,12000.0,0.0,750.0
2018-05-29 18:05:47.119674,1023.0,2.5,0.0,12000.0,0.0,750.0
2018-05-29 18:05:47.319694,1023.0,2.5,0.0,12000.0,0.0,750.0
2018-05-29 18:05:47.522715,1023.0,2.5,0.0,12000.0,0.0,750.0
2018-05-29 18:05:47.723735,1023.0,2.5,0.0,12000.0,0.0,750.0
2018-05-29 18:05:47.924755,1023.0,2.5,0.0,12000.0,0.0,750.0
2018-05-29 18:05:48.125775,1023.0,2.5,0.0,12000.0,0.0,750.0
2018-05-29 18:05:48.327795,1023.0,2.5,0.0,12000.0,0.0,750.0
2018-05-29 18:05:48.527815,1023.0,2.5,0.0,12000.0,0.0,750.0
2018-05-29 18:05:48.728835,1023.0,2.5,0.0,12000.0,0.0,750.0
2018-05-29 18:05:48.929855,1023.0,2.5,0.0,12000.0,0.0,750.0
2018-05-29 18:05:49.130875,1023.0,2.5,0.0,12000.0,0.0,750.0
2018-05-29 18:05:49.331895,1023.0,2.5,0.0,12000.0,0.0,750.0
2018-05-29 18:05:49.532916,1023.0,2.5,0.0,12000.0,0.0,750.0
2018-05-29 18:05:49.735936,1023.0,2.5,0.0,12000.0,0.0,750.0
2018-05-29 18:05:49.934956,1023.0,2.5,0.0,12000.0,0.0,750.0
2018-05-29 18:05:50.137976,1023.0,2.5,0.0,12000.0,0.0,750.0
2018-05-29 18:05:50.338996,1023.0,2.5,0.0,12000.0,0.0,750.0
2018-05-29 18:05:50.540016,1023.0,2.5,0.0,12000.0,0.0,750.0
2018-05-29 18:05:50.741036,1023.0,2.5,0.0,12000.0,0.0,750.0
2018-05-29 18:05:50.942056,1023.0,2.5,0.0,12000.0,0.0,750.0
2018-05-29 18:05:51.145077,1023.0,2.5,0.0,12000.0,0.0,750.0
2018-05-29 18:05:51.346097,1023.0,2.5,0.0,12000.0,0.0,750.0
2018-05-29 18:05:51.550117,1023.0,2.5,0.0,12000.0,0.0,750.0
2018-05-29 18:05:51.761138,1023.0,2.5,0.0,12000.0,0.0,750.0
2018-05-29 18:05:51.962158,1023.0,2.5,0.0,12000.0,0.0,750.0
2018-05-29 18:05:52.163179,1023.0,2.5,0.0,12000.0,0.0,750.0
2018-05-29 18:05:52.364199,1023.0,2.5,0.0,12000.0,0.0,750.0
2018-05-29 18:05:52.565219,1023.0,2.5,0.0,12000.0,0.0,750.0
2018-05-29 18:05:52.766239,1023.0,2.5,0.0,12000.0,0.0,750.0
2018-05-29 18:05:52.968259,1023.0,2.5,0.0,12000.0,0.0,750.0
2018-05-29 18:05:53.168279,1023.0,2.5,0.0,12000.0,0.0,750.0
2018-05-29 18:05:53.369299,1023.0,2.5,0.0,12000.0,0.0,750.0
2018-05-29 18:05:53.570319,1023.0,2.5,0.0,12000.0,0.0,750.0
2018-05-29 18:05:53.771339,1023.0,2.5,0.0,12000.0,0.0,750.0
2018-05-29 18:05:53.972359,1023.0,2.5,0.0,12000.0,0.0,750.0
2018-05-29 18:05:54.173380,1023.0,2.5,0.0,12000.0,0.0,750.0
2018-05-29 18:05:54.377400,1023.0,2.5,0.0,12000.0,0.0,750.0
2018-05-29 18:05:54.575420,1023.0,2.5,0.0,12000.0,0.0,750.0
2018-05-29 18:05:54.776440,1023.0,2.5,0.0,12000.0,0.0,750.0
2018-05-29 18:05:54.985461,1023.0,2.5,0.0,12000.0,0.0,750.0
2018-05-29 18:05:55.182480,1023.0,2.5,0.0,12000.0,0.0,750.0
2018-05-29 18:05:55.386501,1023.0,2.5,0.0,12000.0,0.0,750.0
2018-05-29 18:05:55.587521,1023.0,2.5,0.0,12000.0,0.0,750.0
2018-05-29 18:05:55.788541,1023.0,2.5,0.0,12000.0,0.0,750.0
2018-05-29 18:05:55.989561,1023.0,2.5,0.0,12000.0,0.0,750.0
2018-05-29 18:05:56.190581,1023.0,2.5,0.0,12000.0,0.0,750.0
2018-05-29 18:05:56.392601,1023.0,2.5,0.0,12000.0,0.0,750.0
2018-05-29 18:05:56.592621,1023.0,2.5,0.0,12000.0,0.0,750.0
2018-05-29 18:05:56.793642,1023.0,2.5,0.0,12000.0,0.0,750.0
2018-05-29 18:05:56.995662,1023.0,2.5,0.0,12000.0,0.0,750.0
2018-05-29 18:05:57.196682,1023.0,2.5,0.0,12000.0,0.0,750.0
2018-05-29 18:05:57.397702,1023.0,2.5,0.0,12000.0,0.0,750.0
2018-05-29 18:05:57.598722,1023.0,2.5,0.0,12000.0,0.0,750.0
2018-05-29 18:05:57.800742,1023.0,2.5,0.0,12000.0,0.0,750.0
2018-05-29 18:05:58.000762,1023.0,2.5,0.0,12000.0,0.0,750.0
2018-05-29 18:05:58.202782,1023.0,2.5,0.0,12000.0,0.0,750.0
2018-05-29 18:05:58.403803,1023.0,2.5,0.0,12000.0,0.0,750.0
2018-05-29 18:05:58.605823,1023.0,2.5,0.0,12000.0,0.0,750.0
2018-05-29 18:05:58.806843,1023.0,2.5,0.0,12000.0,0.0,750.0
2018-05-29 18:05:59.007863,1023.0,2.5,0.0,12000.0,0.0,750.0
2018-05-29 18:05:59.208883,1023.0,2.5,0.0,12000.0,0.0,750.0
2018-05-29 18:05:59.409903,1023.0,2.5,0.0,12000.0,0.0,750.0
2018-05-29 18:05:59.613924,1023.0,2.5,0.0,12000.0,0.0,750.0
2018-05-29 18:05:59.814944,1023.0,2.5,0.0,12000.0,0.0,750.0
2018-05-29 18:06:00.015964,1023.0,2.5,0.0,12000.0,0.0,750.0
2018-05-29 18:06:00.216984,1023.0,2.5,0.0,12000.0,0.0,750.0
2018-05-29 18:06:00.418004,1023.0,2.5,0.0,12000.0,0.0,750.0
2018-05-29 18:06:00.620024,1023.0,2.5,0.0,12000.0,0.0,750.0
2018-05-29 18:06:00.825045,1023.0,2.5,0.0,12000.0,0.0,750.0
2018-05-29 18:06:01.022064,1023.0,2.5,0.0,12000.0,0.0,750.0
2018-05-29 18:06:01.223084,1023.0,2.5,0.0,12000.0,0.0,750.0
2018-05-29 18:06:01.424105,1023.0,2.5,0.0,12000.0,0.0,750.0
2018-05-29 18:06:01.625125,1023.0,2.5,0.0,12000.0,0.0,750.0
2018-05-29 18:06:01.826145,1023.0,2.5,0.0,12000.0,0.0,750.0
2018-05-29 18:06:02.027165,1023.0,2.5,0.0,12000.0,0.0,750.0
2018-05-29 18:06:02.228185,1023.0,2.5,0.0,12000.0,0.0,750.0
2018-05-29 18:06:02.432205,1023.0,2.5,0.0,12000.0,0.0,750.0
2018-05-29 18:06:02.632225,1023.0,2.5,0.0,12000.0,0.0,750.0
2018-05-29 18:06:02.833245,1023.0,2.5,0.0,12000.0,0.0,750.0
2018-05-29 18:06:03.034266,1023.0,2.5,0.0,12000.0,0.0,750.0
2018-05-29 18:06:03.235286,1023.0,2.5,0.0,12000.0,0.0,750.0
2018-05-29 18:06:03.438306,1023.0,2.5,0.0,12000.0,0.0,750.0
2018-05-29 18:06:03.641326,1023.0,2.5,0.0,12000.0,0.0,750.0
2018-05-29 18:06:03.845347,1023.0,2.5,0.0,12000.0,0.0,750.0
2018-05-29 18:06:04.045367,1023.0,2.5,0.0,12000.0,0.0,750.0
2018-05-29 18:06:04.249387,1023.0,2.5,0.0,12000.0,0.0,750.0
2018-05-29 18:06:04.450407,1023.0,2.5,0.0,12000.0,0.0,750.0
2018-05-29 18:06:04.651427,1023.0,2.5,0.0,12000.0,0.0,750.0
2018-05-29 18:06:04.852447,1023.0,2.5,0.0,12000.0,0.0,750.0
2018-05-29 18:06:05.053467,1023.0,2.5,0.0,12000.0,0.0,750.0
2018-05-29 18:06:05.254488,1023.0,2.5,0.0,12000.0,0.0,750.0
2018-05-29 18:06:05.455508,1023.0,2.5,0.0,12000.0,0.0,750.0
2018-05-29 18:06:05.656528,1023.0,2.5,0.0,12000.0,0.0,750.0
2018-05-29 18:06:05.857548,1023.0,2.5,0.0,12000.0,0.0,750.0
2018-05-29 18:06:06.060568,1023.0,2.5,0.0,12000.0,0.0,750.0
2018-05-29 18:06:06.259588,1023.0,2.5,0.0,12000.0,0.0,750.0
2018-05-29 18:06:06.460608,1023.0,2.5,0.0,12000.0,0.0,750.0
2018-05-29 18:06:06.661628,1023.0,2.5,0.0,12000.0,0.0,750.0
2018-05-29 18:06:06.862648,1023.0,2.5,0.0,12000.0,0.0,750.0
2018-05-29 18:06:07.064669,1023.0,2.5,0.0,12000.0,0.0,750.0
2018-05-29 18:06:07.264689,1023.0,2.5,0.0,12000.0,0.0,750.0
2018-05-29 18:06:07.465709,1023.0,2.5,0.0,12000.0,0.0,750.0
2018-05-29 18:06:07.666729,1023.0,2.5,0.0,12000.0,0.0,750.0
2018-05-29 18:06:07.867749,1023.0,2.5,0.0,12000.0,0.0,750.0
2018-05-29 18:06:08.071769,1023.0,2.5,0.0,12000.0,0.0,750.0
2018-05-29 18:06:08.272789,1023.0,2.5,0.0,12000.0,0.0,750.0
2018-05-29 18:06:08.473809,1023.0,2.5,0.0,12000.0,0.0,750.0
2018-05-29 18:06:08.674830,1023.0,2.5,0.0,12000.0,0.0,750.0
2018-05-29 18:06:08.875850,1023.0,2.5,0.0,12000.0,0.0,750.0
2018-05-29 18:06:09.080870,1023.0,2.5,0.0,12000.0,0.0,750.0
2018-05-29 18:06:09.277890,1023.0,2.5,0.0,12000.0,0.0,750.0
2018-05-29 18:06:09.478910,1023.0,2.5,0.0,12000.0,0.0,750.0
2018-05-29 18:06:09.679930,1023.0,2.5,0.0,12000.0,0.0,750.0
2018-05-29 18:06:09.880950,1023.0,2.5,0.0,12000.0,0.0,750.0
2018-05-29 18:06:10.081970,1023.0,2.5,0.0,12000.0,0.0,750.0
2018-05-29 18:06:10.282990,1023.0,2.5,0.0,12000.0,0.0,750.0
2018-05-29 18:06:10.484010,1023.0,2.5,0.0,12000.0,0.0,750.0
2018-05-29 18:06:10.685031,1023.0,2.5,0.0,12000.0,0.0,750.0
2018-05-29 18:06:10.886051,1023.0,2.5,0.0,12000.0,0.0,750.0
2018-05-29 18:06:11.088071,1023.0,2.5,0.0,12000.0,0.0,750.0
2018-05-29 18:06:11.289091,1023.0,2.5,0.0,12000.0,0.0,750.0
2018-05-29 18:06:11.490111,1023.0,2.5,0.0,12000.0,0.0,750.0
2018-05-29 18:06:11.691131,1023.0,2.5,0.0,12000.0,0.0,750.0
2018-05-29 18:06:11.892151,1023.0,2.5,0.0,12000.0,0.0,750.0
2018-05-29 18:06:12.093171,1023.0,2.5,0.0,12000.0,0.0,750.0
2018-05-29 18:06:12.297192,1023.0,2.5,0.0,12000.0,0.0,750.0
2018-05-29 18:06:12.498212,1023.0,2.5,0.0,12000.0,0.0,750.0
2018-05-29 18:06:12.699232,1023.0,2.5,0.0,12000.0,0.0,750.0
2018-05-29 18:06:12.900252,1023.0,2.5,0.0,12000.0,0.0,750.0
2018-05-29 18:06:13.101272,1023.0,2.5,0.0,12000.0,0.0,750.0
2018-05-29 18:06:13.305293,1023.0,2.5,0.0,12000.0,0.0,750.0
2018-05-29 18:06:13.504312,1023.0,2.5,0.0,12000.0,0.0,750.0
2018-05-29 18:06:13.705333,1023.0,2.5,0.0,12000.0,0.0,750.0
2018-05-29 18:06:13.906353,1023.0,2.5,0.0,12000.0,0.0,750.0
2018-05-29 18:06:14.107373,1023.0,2.5,0.0,12000.0,0.0,750.0
2018-05-29 18:06:14.308393,1023.0,2.5,0.0,12000.0,0.0,750.0
2018-05-29 18:06:14.509413,1023.0,2.5,0.0,12000.0,0.0,750.0
2018-05-29 18:06:14.711433,1023.0,2.5,0.0,12000.0,0.0,750.0
2018-05-29 18:06:14.912453,1023.0,2.5,0.0,12000.0,0.0,750.0
2018-05-29 18:06:15.113473,1023.0,2.5,0.0,12000.0,0.0,750.0
2018-05-29 18:06:15.315494,1023.0,2.5,0.0,12000.0,0.0,750.0
2018-05-29 18:06:15.516514,1023.0,2.5,0.0,12000.0,0.0,750.0
2018-05-29 18:06:15.717534,1023.0,2.5,0.0,12000.0,0.0,750.0
2018-05-29 18:06:15.921554,1023.0,2.5,0.0,12000.0,0.0,750.0
2018-05-29 18:06:16.122574,1023.0,2.5,0.0,12000.0,0.0,750.0
2018-05-29 18:06:16.323594,1023.0,2.5,0.0,12000.0,0.0,750.0
2018-05-29 18:06:16.527615,1023.0,2.5,0.0,12000.0,0.0,750.0
2018-05-29 18:06:16.728635,1023.0,2.5,0.0,12000.0,0.0,750.0
2018-05-29 18:06:16.929655,1023.0,2.5,0.0,12000.0,0.0,750.0
2018-05-29 18:06:17.130675,1023.0,2.5,0.0,12000.0,0.0,750.0
2018-05-29 18:06:17.331695,1023.0,2.5,0.0,12000.0,0.0,750.0
2018-05-29 18:06:17.532715,1023.0,2.5,0.0,12000.0,0.0,750.0
2018-05-29 18:06:17.737736,1023.0,2.5,0.0,12000.0,0.0,750.0
2018-05-29 18:06:17.937756,1023.0,2.5,0.0,12000.0,0.0,750.0
2018-05-29 18:06:18.138776,1023.0,2.5,0.0,12000.0,0.0,750.0
2018-05-29 18:06:18.339796,1023.0,2.5,0.0,12000.0,0.0,750.0
2018-05-29 18:06:18.540816,1023.0,2.5,0.0,12000.0,0.0,750.0
2018-05-29 18:06:18.741836,1023.0,2.5,0.0,12000.0,0.0,750.0
2018-05-29 18:06:18.942856,1023.0,2.5,0.0,12000.0,0.0,750.0
2018-05-29 18:06:19.145877,1023.0,2.5,0.0,12000.0,0.0,750.0
2018-05-29 18:06:19.344896,1023.0,2.5,0.0,12000.0,0.0,750.0
2018-05-29 18:06:19.545917,1023.0,2.5,0.0,12000.0,0.0,750.0
2018-05-29 18:06:19.746937,1023.0,2.5,0.0,12000.0,0.0,750.0
2018-05-29 18:06:19.947957,1023.0,2.5,0.0,12000.0,0.0,750.0
2018-05-29 18:06:20.148977,1023.0,2.5,0.0,12000.0,0.0,750.0
2018-05-29 18:06:20.349997,1023.0,2.5,0.0,12000.0,0.0,750.0
2018-05-29 18:06:20.554017,1023.0,2.5,0.0,12000.0,0.0,750.0
2018-05-29 18:06:20.757038,1023.0,2.5,0.0,12000.0,0.0,750.0
2018-05-29 18:06:20.958058,1023.0,2.5,0.0,12000.0,0.0,750.0
2018-05-29 18:06:21.162078,1023.0,2.5,0.0,12000.0,0.0,750.0
2018-05-29 18:06:21.360098,1023.0,2.5,0.0,12000.0,0.0,750.0
2018-05-29 18:06:21.561118,1023.0,2.5,0.0,12000.0,0.0,750.0
2018-05-29 18:06:21.762138,1023.0,2.5,0.0,12000.0,0.0,750.0
2018-05-29 18:06:21.963158,1023.0,2.5,0.0,12000.0,0.0,750.0
2018-05-29 18:06:22.164178,1023.0,2.5,0.0,12000.0,0.0,750.0
2018-05-29 18:06:22.365198,1023.0,2.5,0.0,12000.0,0.0,750.0
2018-05-29 18:06:22.570219,1023.0,2.5,0.0,12000.0,0.0,750.0
2018-05-29 18:06:22.767239,1023.0,2.5,0.0,12000.0,0.0,750.0
2018-05-29 18:06:22.968259,1023.0,2.5,0.0,12000.0,0.0,750.0
2018-05-29 18:06:23.170279,1023.0,2.5,0.0,12000.0,0.0,750.0
2018-05-29 18:06:23.376300,1023.0,2.5,0.0,12000.0,0.0,750.0
2018-05-29 18:06:23.577320,1023.0,2.5,0.0,12000.0,0.0,750.0
2018-05-29 18:06:23.778340,1023.0,2.5,0.0,12000.0,0.0,750.0
2018-05-29 18:06:23.979360,1023.0,2.5,0.0,12000.0,0.0,750.0
2018-05-29 18:06:24.182380,1023.0,2.5,0.0,12000.0,0.0,750.0
2018-05-29 18:06:24.383400,1023.0,2.5,0.0,12000.0,0.0,750.0
2018-05-29 18:06:24.584420,1023.0,2.5,0.0,12000.0,0.0,750.0
2018-05-29 18:06:24.785440,1023.0,2.5,0.0,12000.0,0.0,750.0
2018-05-29 18:06:24.990461,1023.0,2.5,0.0,12000.0,0.0,750.0
2018-05-29 18:06:25.191481,1023.0,2.5,0.0,12000.0,0.0,750.0
2018-05-29 18:06:25.392501,1023.0,2.5,0.0,12000.0,0.0,750.0
2018-05-29 18:06:25.593521,1023.0,2.5,0.0,12000.0,0.0,750.0
2018-05-29 18:06:25.794541,1023.0,2.5,0.0,12000.0,0.0,750.0
2018-05-29 18:06:25.995561,1023.0,2.5,0.0,12000.0,0.0,750.0
2018-05-29 18:06:26.196582,1023.0,2.5,0.0,12000.0,0.0,750.0
2018-05-29 18:06:26.397602,1023.0,2.5,0.0,12000.0,0.0,750.0
2018-05-29 18:06:26.598622,1023.0,2.5,0.0,12000.0,0.0,750.0
2018-05-29 18:06:26.799642,1023.0,2.5,0.0,12000.0,0.0,750.0
2018-05-29 18:06:27.001662,1023.0,2.5,0.0,12000.0,0.0,750.0
2018-05-29 18:06:27.201682,1023.0,2.5,0.0,12000.0,0.0,750.0
2018-05-29 18:06:27.402702,1023.0,2.5,0.0,12000.0,0.0,750.0
2018-05-29 18:06:27.603722,1023.0,2.5,0.0,12000.0,0.0,750.0
2018-05-29 18:06:27.805742,1023.0,2.5,0.0,12000.0,0.0,750.0
2018-05-29 18:06:28.015763,1023.0,2.5,0.0,12000.0,0.0,750.0
2018-05-29 18:06:28.217784,1023.0,2.5,0.0,12000.0,0.0,750.0
2018-05-29 18:06:28.416804,1023.0,2.5,0.0,12000.0,0.0,750.0
2018-05-29 18:06:28.618824,1023.0,2.5,0.0,12000.0,0.0,750.0
2018-05-29 18:06:28.818844,1023.0,2.5,0.0,12000.0,0.0,750.0
2018-05-29 18:06:29.019864,1023.0,2.5,0.0,12000.0,0.0,750.0
2018-05-29 18:06:29.223884,1023.0,2.5,0.0,12000.0,0.0,750.0
2018-05-29 18:06:29.424904,1023.0,2.5,0.0,12000.0,0.0,750.0
2018-05-29 18:06:29.626925,1023.0,2.5,0.0,12000.0,0.0,750.0
2018-05-29 18:06:29.827945,1023.0,2.5,0.0,12000.0,0.0,750.0
2018-05-29 18:06:30.028965,1023.0,2.5,0.0,12000.0,0.0,750.0
2018-05-29 18:06:30.233985,1023.0,2.5,0.0,12000.0,0.0,750.0
2018-05-29 18:06:30.431005,1023.0,2.5,0.0,12000.0,0.0,750.0
2018-05-29 18:06:30.632025,1023.0,2.5,0.0,12000.0,0.0,750.0
2018-05-29 18:06:30.834045,1023.0,2.5,0.0,12000.0,0.0,750.0
2018-05-29 18:06:31.035065,1023.0,2.5,0.0,12000.0,0.0,750.0
2018-05-29 18:06:31.236085,1023.0,2.5,0.0,12000.0,0.0,750.0
2018-05-29 18:06:31.437106,1023.0,2.5,0.0,12000.0,0.0,750.0
2018-05-29 18:06:31.642126,1023.0,2.5,0.0,12000.0,0.0,750.0
2018-05-29 18:06:31.839146,1023.0,2.5,0.0,12000.0,0.0,750.0
2018-05-29 18:06:32.040166,1023.0,2.5,0.0,12000.0,0.0,750.0
2018-05-29 18:06:32.241186,1023.0,2.5,0.0,12000.0,0.0,750.0
2018-05-29 18:06:32.443206,1023.0,2.5,0.0,12000.0,0.0,750.0
2018-05-29 18:06:32.643226,1023.0,2.5,0.0,12000.0,0.0,750.0
2018-05-29 18:06:32.844246,1023.0,2.5,0.0,12000.0,0.0,750.0
2018-05-29 18:06:33.045266,1023.0,2.5,0.0,12000.0,0.0,750.0
2018-05-29 18:06:33.246286,1023.0,2.5,0.0,12000.0,0.0,750.0
2018-05-29 18:06:33.483310,1023.0,2.5,0.0,12000.0,0.0,750.0
2018-05-29 18:06:33.685330,1023.0,2.5,0.0,12000.0,0.0,750.0
2018-05-29 18:06:33.886350,1023.0,2.5,0.0,12000.0,0.0,750.0
2018-05-29 18:06:34.088371,1023.0,2.5,0.0,12000.0,0.0,750.0
2018-05-29 18:06:34.289391,1023.0,2.5,0.0,12000.0,0.0,750.0
2018-05-29 18:06:34.490411,1023.0,2.5,0.0,12000.0,0.0,750.0
2018-05-29 18:06:34.691431,1023.0,2.5,0.0,12000.0,0.0,750.0
2018-05-29 18:06:34.892451,1023.0,2.5,0.0,12000.0,0.0,750.0
2018-05-29 18:06:35.093471,1023.0,2.5,0.0,12000.0,0.0,750.0
2018-05-29 18:06:35.294491,1023.0,2.5,0.0,12000.0,0.0,750.0
2018-05-29 18:06:35.495511,1023.0,2.5,0.0,12000.0,0.0,750.0
2018-05-29 18:06:35.696531,1023.0,2.5,0.0,12000.0,0.0,750.0
2018-05-29 18:06:35.898552,1023.0,2.5,0.0,12000.0,0.0,750.0
2018-05-29 18:06:36.099572,1023.0,2.5,0.0,12000.0,0.0,750.0
2018-05-29 18:06:36.300592,1023.0,2.5,0.0,12000.0,0.0,750.0
2018-05-29 18:06:36.506612,1023.0,2.5,0.0,12000.0,0.0,750.0
2018-05-29 18:06:36.706632,1023.0,2.5,0.0,12000.0,0.0,750.0
2018-05-29 18:06:36.914653,1023.0,2.5,0.0,12000.0,0.0,750.0
2018-05-29 18:06:37.115673,1023.0,2.5,0.0,12000.0,0.0,750.0
2018-05-29 18:06:37.316693,1023.0,2.5,0.0,12000.0,0.0,750.0
2018-05-29 18:06:37.517714,1023.0,2.5,0.0,12000.0,0.0,750.0
2018-05-29 18:06:37.721734,1023.0,2.5,0.0,12000.0,0.0,750.0
2018-05-29 18:06:37.921754,1023.0,2.5,0.0,12000.0,0.0,750.0
2018-05-29 18:06:38.123774,1023.0,2.5,0.0,12000.0,0.0,750.0
2018-05-29 18:06:38.324794,1023.0,2.5,0.0,12000.0,0.0,750.0
2018-05-29 18:06:38.525814,1023.0,2.5,0.0,12000.0,0.0,750.0
2018-05-29 18:06:38.730835,1023.0,2.5,0.0,12000.0,0.0,750.0
2018-05-29 18:06:38.927855,1023.0,2.5,0.0,12000.0,0.0,750.0
2018-05-29 18:06:39.128875,1023.0,2.5,0.0,12000.0,0.0,750.0
2018-05-29 18:06:39.329895,1023.0,2.5,0.0,12000.0,0.0,750.0
2018-05-29 18:06:39.530915,1023.0,2.5,0.0,12000.0,0.0,750.0
2018-05-29 18:06:39.731935,1023.0,2.5,0.0,12000.0,0.0,750.0
2018-05-29 18:06:39.933955,1023.0,2.5,0.0,12000.0,0.0,750.0
2018-05-29 18:06:40.137976,1023.0,2.5,0.0,12000.0,0.0,750.0
2018-05-29 18:06:40.336995,1023.0,2.5,0.0,12000.0,0.0,750.0
2018-05-29 18:06:40.538016,1023.0,2.5,0.0,12000.0,0.0,750.0
2018-05-29 18:06:40.739036,1023.0,2.5,0.0,12000.0,0.0,750.0
2018-05-29 18:06:40.940056,1023.0,2.5,0.0,12000.0,0.0,750.0
2018-05-29 18:06:41.141076,1023.0,2.5,0.0,12000.0,0.0,750.0
2018-05-29 18:06:41.342096,1023.0,2.5,0.0,12000.0,0.0,750.0
2018-05-29 18:06:41.546116,1023.0,2.5,0.0,12000.0,0.0,750.0
2018-05-29 18:06:41.744136,1023.0,2.5,0.0,12000.0,0.0,750.0
2018-05-29 18:06:41.947156,1023.0,2.5,0.0,12000.0,0.0,750.0
2018-05-29 18:06:42.149177,1023.0,2.5,0.0,12000.0,0.0,750.0
2018-05-29 18:06:42.350197,1023.0,2.5,0.0,12000.0,0.0,750.0
2018-05-29 18:06:42.551217,1023.0,2.5,0.0,12000.0,0.0,750.0
2018-05-29 18:06:42.752237,1023.0,2.5,0.0,12000.0,0.0,750.0
2018-05-29 18:06:42.954257,1023.0,2.5,0.0,12000.0,0.0,750.0
