datetime,IP1,FC1,Volt FC1 ,Vtip,Itip,BV1
2018-05-29 16:44:47.228747,1023.0,0.0,0.0,0.0,0.0,0.0
2018-05-29 16:44:47.443711,1023.0,0.0,0.0,0.0,0.0,0.0
2018-05-29 16:44:47.649717,1023.0,0.0,0.0,0.0,0.0,0.0
2018-05-29 16:44:47.851743,1023.0,0.0,0.0,0.0,0.0,0.0
2018-05-29 16:44:48.052773,1023.0,0.0,0.0,0.0,0.0,0.0
2018-05-29 16:44:48.252808,1023.0,0.0,0.0,0.0,0.0,0.0
2018-05-29 16:44:48.452843,1023.0,0.0,0.0,0.0,0.0,0.0
2018-05-29 16:44:48.653874,1023.0,0.0,0.0,0.0,0.0,0.0
2018-05-29 16:44:48.891727,1023.0,0.0,0.0,0.0,0.0,0.0
2018-05-29 16:44:49.091762,1023.0,0.0,0.0,0.0,0.0,0.0
2018-05-29 16:44:49.291797,1023.0,0.0,0.0,0.0,0.0,0.0
2018-05-29 16:44:49.491832,1023.0,0.0,0.0,0.0,0.0,0.0
2018-05-29 16:44:49.692863,1023.0,0.0,0.0,0.0,0.0,0.0
2018-05-29 16:44:49.892898,1023.0,0.0,0.0,0.0,0.0,0.0
2018-05-29 16:44:50.092933,1023.0,0.0,0.0,0.0,0.0,0.0
2018-05-29 16:44:50.293963,1023.0,0.0,0.0,0.0,0.0,0.0
2018-05-29 16:44:50.493999,1023.0,0.0,0.0,0.0,0.0,0.0
2018-05-29 16:44:50.695029,1023.0,0.0,0.0,0.0,0.0,0.0
2018-05-29 16:44:50.898050,1023.0,0.0,0.0,0.0,0.0,0.0
2018-05-29 16:44:51.098085,1023.0,0.0,0.0,0.0,0.0,0.0
2018-05-29 16:44:51.298120,1023.0,0.0,0.0,0.0,0.0,0.0
2018-05-29 16:44:51.513083,1023.0,0.0,0.0,0.0,0.0,0.0
2018-05-29 16:44:51.713119,1023.0,0.0,0.0,0.0,0.0,0.0
2018-05-29 16:44:51.914149,1023.0,0.0,0.0,0.0,0.0,0.0
2018-05-29 16:44:52.116175,1023.0,0.0,0.0,0.0,0.0,0.0
2018-05-29 16:44:52.317205,1023.0,0.0,0.0,0.0,0.0,0.0
2018-05-29 16:44:52.518235,1023.0,0.0,0.0,0.0,0.0,0.0
2018-05-29 16:44:52.718271,1023.0,0.0,0.0,0.0,0.0,0.0
2018-05-29 16:44:52.918306,1023.0,0.0,0.0,0.0,0.0,0.0
2018-05-29 16:44:53.118341,1023.0,0.0,0.0,0.0,0.0,0.0
2018-05-29 16:44:53.318376,1023.0,0.0,0.0,0.0,0.0,0.0
2018-05-29 16:44:53.518411,1023.0,0.0,0.0,0.0,0.0,0.0
2018-05-29 16:44:53.718447,1023.0,0.0,0.0,0.0,0.0,0.0
2018-05-29 16:44:53.918482,1023.0,0.0,0.0,0.0,0.0,0.0
2018-05-29 16:44:54.123493,1023.0,0.0,0.0,0.0,0.0,0.0
2018-05-29 16:44:54.323528,1023.0,0.0,0.0,0.0,0.0,0.0
2018-05-29 16:44:54.523563,1023.0,0.0,0.0,0.0,0.0,0.0
2018-05-29 16:44:54.724594,1023.0,0.0,0.0,0.0,0.0,0.0
2018-05-29 16:44:54.924629,1023.0,0.0,0.0,0.0,0.0,0.0
2018-05-29 16:44:55.124664,1023.0,0.0,0.0,0.0,0.0,0.0
2018-05-29 16:44:55.324699,1023.0,0.0,0.0,0.0,0.0,0.0
2018-05-29 16:44:55.529711,1023.0,0.1,0.0,0.0,0.0,0.0
2018-05-29 16:44:55.731736,1023.0,0.1,0.0,0.0,0.0,0.0
2018-05-29 16:44:55.933762,1023.0,0.1,0.0,0.0,0.0,0.0
2018-05-29 16:44:56.133797,1023.0,0.1,0.0,0.0,0.0,0.0
2018-05-29 16:44:56.334827,1023.0,0.1,0.0,0.0,0.0,0.0
2018-05-29 16:44:56.535858,1023.0,0.2,0.0,0.0,0.0,0.0
2018-05-29 16:44:56.735893,1023.0,0.2,0.0,0.0,0.0,0.0
2018-05-29 16:44:56.935928,1023.0,0.2,0.0,0.0,0.0,0.0
2018-05-29 16:44:57.135963,1023.0,0.2,0.0,0.0,0.0,0.0
2018-05-29 16:44:57.335999,1023.0,0.30000000000000004,0.0,0.0,0.0,0.0
2018-05-29 16:44:57.536034,1023.0,0.30000000000000004,0.0,0.0,0.0,0.0
2018-05-29 16:44:57.736069,1023.0,0.30000000000000004,0.0,0.0,0.0,0.0
2018-05-29 16:44:57.949042,1023.0,0.30000000000000004,0.0,0.0,0.0,0.0
2018-05-29 16:44:58.144101,1023.0,0.30000000000000004,0.0,0.0,0.0,0.0
2018-05-29 16:44:58.344136,1023.0,0.4,0.0,0.0,0.0,0.0
2018-05-29 16:44:58.544171,1023.0,0.4,0.0,0.0,0.0,0.0
2018-05-29 16:44:58.744207,1023.0,0.4,0.0,0.0,0.0,0.0
2018-05-29 16:44:58.944242,1023.0,0.4,0.0,0.0,0.0,0.0
2018-05-29 16:44:59.144277,1023.0,0.4,0.0,0.0,0.0,0.0
2018-05-29 16:44:59.345307,1023.0,0.5,0.0,0.0,0.0,0.0
2018-05-29 16:44:59.545343,1023.0,0.5,0.0,0.0,0.0,0.0
2018-05-29 16:44:59.745378,1023.0,0.5,0.0,0.0,0.0,0.0
2018-05-29 16:44:59.947403,1023.0,0.5,0.0,0.0,0.0,0.0
2018-05-29 16:45:00.147439,1023.0,0.5,0.0,0.0,0.0,0.0
2018-05-29 16:45:00.347474,1023.0,0.6,0.0,0.0,0.0,0.0
2018-05-29 16:45:00.547509,1023.0,0.6,0.0,0.0,0.0,0.0
2018-05-29 16:45:00.748539,1023.0,0.6,0.0,0.0,0.0,0.0
2018-05-29 16:45:00.948575,1023.0,0.6,0.0,0.0,0.0,0.0
2018-05-29 16:45:01.148610,1023.0,0.6,0.0,0.0,0.0,0.0
2018-05-29 16:45:01.348645,1023.0,0.7,0.0,0.0,0.0,0.0
2018-05-29 16:45:01.548680,1023.0,0.7,0.0,0.0,0.0,0.0
2018-05-29 16:45:01.748715,1023.0,0.7,0.0,0.0,0.0,0.0
2018-05-29 16:45:01.948751,1023.0,0.7,0.0,0.0,0.0,0.0
2018-05-29 16:45:02.148786,1023.0,0.7,0.0,0.0,0.0,0.0
2018-05-29 16:45:02.348821,1023.0,0.7999999999999999,0.0,0.0,0.0,0.0
2018-05-29 16:45:02.548856,1023.0,0.7999999999999999,0.0,0.0,0.0,0.0
2018-05-29 16:45:02.749887,1023.0,0.7999999999999999,0.0,0.0,0.0,0.0
2018-05-29 16:45:02.949922,1023.0,0.7999999999999999,0.0,0.0,0.0,0.0
2018-05-29 16:45:03.149957,1023.0,0.7999999999999999,0.0,0.0,0.0,0.0
2018-05-29 16:45:03.349992,1023.0,0.8999999999999999,0.0,0.0,0.0,0.0
2018-05-29 16:45:03.550027,1023.0,0.8999999999999999,0.0,0.0,0.0,0.0
2018-05-29 16:45:03.750063,1023.0,0.8999999999999999,0.0,0.0,0.0,0.0
2018-05-29 16:45:03.950098,1023.0,0.8999999999999999,0.0,0.0,0.0,0.0
2018-05-29 16:45:04.154114,1023.0,0.8999999999999999,0.0,0.0,0.0,0.0
2018-05-29 16:45:04.354149,1023.0,0.9999999999999999,0.0,0.0,0.0,0.0
2018-05-29 16:45:04.555179,1023.0,0.9999999999999999,0.0,0.0,0.0,0.0
2018-05-29 16:45:04.755215,1023.0,0.9999999999999999,0.0,0.0,0.0,0.0
2018-05-29 16:45:04.955250,1023.0,0.9999999999999999,0.0,0.0,0.0,0.0
2018-05-29 16:45:05.155285,1023.0,0.9999999999999999,0.0,0.0,0.0,0.0
2018-05-29 16:45:05.356315,1023.0,1.0999999999999999,0.0,0.0,0.0,0.0
2018-05-29 16:45:05.556351,1023.0,1.0999999999999999,0.0,0.0,0.0,0.0
2018-05-29 16:45:05.756386,1023.0,1.0999999999999999,0.0,0.0,0.0,0.0
2018-05-29 16:45:05.956421,1023.0,1.0999999999999999,0.0,0.0,0.0,0.0
2018-05-29 16:45:06.156456,1023.0,1.0999999999999999,0.0,0.0,0.0,0.0
2018-05-29 16:45:06.357487,1023.0,1.2,0.0,0.0,0.0,0.0
2018-05-29 16:45:06.557522,1023.0,1.2,0.0,0.0,0.0,0.0
2018-05-29 16:45:06.757557,1023.0,1.2,0.0,0.0,0.0,0.0
2018-05-29 16:45:06.957592,1023.0,1.2,0.0,0.0,0.0,0.0
2018-05-29 16:45:07.157627,1023.0,1.2,0.0,0.0,0.0,0.0
2018-05-29 16:45:07.359653,1023.0,1.3,0.0,0.0,0.0,0.0
2018-05-29 16:45:07.559688,1023.0,1.3,0.0,0.0,0.0,0.0
2018-05-29 16:45:07.759723,1023.0,1.3,0.0,0.0,0.0,0.0
2018-05-29 16:45:07.959759,1023.0,1.3,0.0,0.0,0.0,0.0
