datetime,IP1,FC1,Volt FC1 ,Vtip,Itip,BV1
2018-05-30 11:12:27.786505,1023.0,2.5,0.0,12000.0,0.0,750.0
2018-05-30 11:12:27.975675,1023.0,2.5,0.0,12000.0,0.0,750.0
2018-05-30 11:12:28.188867,1023.0,2.5,0.0,12000.0,0.0,750.0
2018-05-30 11:12:28.390047,1023.0,2.5,0.0,12000.0,0.0,750.0
2018-05-30 11:12:28.594231,1023.0,2.5,0.0,12000.0,0.0,750.0
2018-05-30 11:12:28.809425,1023.0,2.5,0.0,12000.0,0.0,750.0
2018-05-30 11:12:29.012607,1023.0,2.5,0.0,12000.0,0.0,750.0
2018-05-30 11:12:29.216791,1023.0,2.5,0.0,12000.0,0.0,750.0
2018-05-30 11:12:29.417972,1023.0,2.5,0.0,12000.0,0.0,750.0
2018-05-30 11:12:29.619153,1023.0,2.5,0.0,12000.0,0.0,750.0
2018-05-30 11:12:29.821334,1023.0,2.5,0.0,12000.0,0.0,750.0
2018-05-30 11:12:30.021514,1023.0,2.5,0.0,12000.0,0.0,750.0
2018-05-30 11:12:30.224697,1023.0,2.5,0.0,12000.0,0.0,750.0
2018-05-30 11:12:30.429882,1023.0,2.5,0.0,12000.0,0.0,750.0
2018-05-30 11:12:30.627059,1023.0,2.5,0.0,12000.0,0.0,750.0
2018-05-30 11:12:30.828240,1023.0,2.5,0.0,12000.0,0.0,750.0
2018-05-30 11:12:31.029421,1023.0,2.5,0.0,12000.0,0.0,750.0
2018-05-30 11:12:31.231603,1023.0,2.5,0.0,12000.0,0.0,750.0
2018-05-30 11:12:31.432783,1023.0,2.5,0.0,12000.0,0.0,750.0
2018-05-30 11:12:31.634965,1023.0,2.5,0.0,12000.0,0.0,750.0
2018-05-30 11:12:31.839149,1023.0,2.5,0.0,12000.0,0.0,750.0
2018-05-30 11:12:32.041331,1023.0,2.5,0.0,12000.0,0.0,750.0
2018-05-30 11:12:32.242512,1023.0,2.5,0.0,12000.0,0.0,750.0
2018-05-30 11:12:32.448697,1023.0,2.5,0.0,12000.0,0.0,750.0
2018-05-30 11:12:32.645874,1023.0,2.5,0.0,12000.0,0.0,750.0
2018-05-30 11:12:32.847055,1023.0,2.5,0.0,12000.0,0.0,750.0
2018-05-30 11:12:33.048236,1023.0,2.5,0.0,12000.0,0.0,750.0
2018-05-30 11:12:33.249417,1023.0,2.5,0.0,12000.0,0.0,750.0
2018-05-30 11:12:33.450598,1023.0,2.5,0.0,12000.0,0.0,750.0
2018-05-30 11:12:33.652780,1023.0,2.5,0.0,12000.0,0.0,750.0
2018-05-30 11:12:33.856963,1023.0,2.5,0.0,12000.0,0.0,750.0
2018-05-30 11:12:34.055141,1023.0,2.5,0.0,12000.0,0.0,750.0
2018-05-30 11:12:34.256322,1023.0,2.5,0.0,12000.0,0.0,750.0
2018-05-30 11:12:34.457503,1023.0,2.5,0.0,12000.0,0.0,750.0
2018-05-30 11:12:34.659685,1023.0,2.5,0.0,12000.0,0.0,750.0
2018-05-30 11:12:34.861867,1023.0,2.5,0.0,12000.0,0.0,750.0
2018-05-30 11:12:35.063048,1023.0,2.5,0.0,12000.0,0.0,750.0
2018-05-30 11:12:35.267231,1023.0,2.5,0.0,12000.0,0.0,750.0
2018-05-30 11:12:35.465410,1023.0,2.5,0.0,12000.0,0.0,750.0
2018-05-30 11:12:35.666590,1023.0,2.5,0.0,12000.0,0.0,750.0
2018-05-30 11:12:35.868772,1023.0,2.5,0.0,12000.0,0.0,750.0
2018-05-30 11:12:36.069953,1023.0,2.5,0.0,12000.0,0.0,750.0
2018-05-30 11:12:36.273136,1023.0,2.5,0.0,12000.0,0.0,750.0
2018-05-30 11:12:36.474317,1023.0,2.5,0.0,12000.0,0.0,750.0
2018-05-30 11:12:36.678500,1023.0,2.5,0.0,12000.0,0.0,750.0
2018-05-30 11:12:36.880682,1023.0,2.5,0.0,12000.0,0.0,750.0
2018-05-30 11:12:37.080862,1023.0,2.5,0.0,12000.0,0.0,750.0
2018-05-30 11:12:37.286047,1023.0,2.5,0.0,12000.0,0.0,750.0
2018-05-30 11:12:37.483224,1023.0,2.5,0.0,12000.0,0.0,750.0
2018-05-30 11:12:37.685406,1023.0,2.5,0.0,12000.0,0.0,750.0
2018-05-30 11:12:37.886587,1023.0,2.5,0.0,12000.0,0.0,750.0
2018-05-30 11:12:38.087768,1023.0,2.5,0.0,12000.0,0.0,750.0
2018-05-30 11:12:38.289949,1023.0,2.5,0.0,12000.0,0.0,750.0
2018-05-30 11:12:38.491130,1023.0,2.5,0.0,12000.0,0.0,750.0
2018-05-30 11:12:38.707325,1023.0,2.5,0.0,12000.0,0.0,750.0
2018-05-30 11:12:38.907505,1023.0,2.5,0.0,12000.0,0.0,750.0
2018-05-30 11:12:39.110687,1023.0,2.5,0.0,12000.0,0.0,750.0
2018-05-30 11:12:39.310867,1023.0,2.5,0.0,12000.0,0.0,750.0
2018-05-30 11:12:39.512048,1023.0,2.5,0.0,12000.0,0.0,750.0
2018-05-30 11:12:39.713229,1023.0,2.5,0.0,12000.0,0.0,750.0
2018-05-30 11:12:39.914410,1023.0,2.5,0.0,12000.0,0.0,750.0
2018-05-30 11:12:40.115591,1023.0,2.5,0.0,12000.0,0.0,750.0
2018-05-30 11:12:40.316772,1023.0,2.5,0.0,12000.0,0.0,750.0
2018-05-30 11:12:40.522957,1023.0,2.5,0.0,12000.0,0.0,750.0
2018-05-30 11:12:40.724138,1023.0,2.5,0.0,12000.0,0.0,750.0
2018-05-30 11:12:40.951342,1023.0,2.5,0.0,12000.0,0.0,750.0
2018-05-30 11:12:41.152523,1023.0,2.5,0.0,12000.0,0.0,750.0
2018-05-30 11:12:41.354705,1023.0,2.5,0.0,12000.0,0.0,750.0
2018-05-30 11:12:41.555886,1023.0,2.5,0.0,12000.0,0.0,750.0
2018-05-30 11:12:41.757067,1023.0,2.5,0.0,12000.0,0.0,750.0
2018-05-30 11:12:41.958248,1023.0,2.5,0.0,12000.0,0.0,750.0
2018-05-30 11:12:42.159429,1023.0,2.5,0.0,12000.0,0.0,750.0
2018-05-30 11:12:42.360610,1023.0,2.5,0.0,12000.0,0.0,750.0
2018-05-30 11:12:42.561791,1023.0,2.5,0.0,12000.0,0.0,750.0
2018-05-30 11:12:42.762971,1023.0,2.5,0.0,12000.0,0.0,750.0
2018-05-30 11:12:42.965153,1023.0,2.5,0.0,12000.0,0.0,750.0
2018-05-30 11:12:43.166334,1023.0,2.5,0.0,12000.0,0.0,750.0
2018-05-30 11:12:43.368516,1023.0,2.5,0.0,12000.0,0.0,750.0
2018-05-30 11:12:43.573700,1023.0,2.5,0.0,12000.0,0.0,750.0
2018-05-30 11:12:43.770878,1023.0,2.5,0.0,12000.0,0.0,750.0
2018-05-30 11:12:43.972059,1023.0,2.5,0.0,12000.0,0.0,750.0
2018-05-30 11:12:44.173240,1023.0,2.5,0.0,12000.0,0.0,750.0
2018-05-30 11:12:44.375421,1023.0,2.5,0.0,12000.0,0.0,750.0
2018-05-30 11:12:44.575601,1023.0,2.5,0.0,12000.0,0.0,750.0
2018-05-30 11:12:44.779785,1023.0,2.5,0.0,12000.0,0.0,750.0
2018-05-30 11:12:44.983969,1023.0,2.5,0.0,12000.0,0.0,750.0
2018-05-30 11:12:45.182147,1023.0,2.5,0.0,12000.0,0.0,750.0
2018-05-30 11:12:45.383328,1023.0,2.5,0.0,12000.0,0.0,750.0
2018-05-30 11:12:45.584509,1023.0,2.5,0.0,12000.0,0.0,750.0
2018-05-30 11:12:45.785689,1023.0,2.5,0.0,12000.0,0.0,750.0
2018-05-30 11:12:45.986870,1023.0,2.5,0.0,12000.0,0.0,750.0
2018-05-30 11:12:46.188051,1023.0,2.5,0.0,12000.0,0.0,750.0
2018-05-30 11:12:46.393236,1023.0,2.5,0.0,12000.0,0.0,750.0
2018-05-30 11:12:46.592415,1023.0,2.5,0.0,12000.0,0.0,750.0
2018-05-30 11:12:46.794597,1023.0,2.5,0.0,12000.0,0.0,750.0
2018-05-30 11:12:46.995778,1023.0,2.5,0.0,12000.0,0.0,750.0
2018-05-30 11:12:47.196958,1023.0,2.5,0.0,12000.0,0.0,750.0
2018-05-30 11:12:47.399140,1023.0,2.5,0.0,12000.0,0.0,750.0
2018-05-30 11:12:47.600321,1023.0,2.5,0.0,12000.0,0.0,750.0
2018-05-30 11:12:47.802503,1023.0,2.5,0.0,12000.0,0.0,750.0
2018-05-30 11:12:48.003684,1023.0,2.5,0.0,12000.0,0.0,750.0
2018-05-30 11:12:48.204865,1023.0,2.5,0.0,12000.0,0.0,750.0
2018-05-30 11:12:48.411050,1023.0,2.5,0.0,12000.0,0.0,750.0
2018-05-30 11:12:48.609228,1023.0,2.5,0.0,12000.0,0.0,750.0
2018-05-30 11:12:48.814413,1023.0,2.5,0.0,12000.0,0.0,750.0
2018-05-30 11:12:49.018596,1023.0,2.5,0.0,12000.0,0.0,750.0
2018-05-30 11:12:49.218776,1023.0,2.5,0.0,12000.0,0.0,750.0
2018-05-30 11:12:49.419957,1023.0,2.5,0.0,12000.0,0.0,750.0
2018-05-30 11:12:49.621138,1023.0,2.5,0.0,12000.0,0.0,750.0
2018-05-30 11:12:49.822319,1023.0,2.5,0.0,12000.0,0.0,750.0
2018-05-30 11:12:50.023500,1023.0,2.5,0.0,12000.0,0.0,750.0
2018-05-30 11:12:50.227684,1023.0,2.5,0.0,12000.0,0.0,750.0
2018-05-30 11:12:50.428865,1023.0,2.5,0.0,12000.0,0.0,750.0
2018-05-30 11:12:50.630045,1023.0,2.5,0.0,12000.0,0.0,750.0
2018-05-30 11:12:50.832227,1023.0,2.5,0.0,12000.0,0.0,750.0
2018-05-30 11:12:51.036411,1023.0,2.5,0.0,12000.0,0.0,750.0
2018-05-30 11:12:51.234589,1023.0,2.5,0.0,12000.0,0.0,750.0
2018-05-30 11:12:51.435770,1023.0,2.5,0.0,12000.0,0.0,750.0
2018-05-30 11:12:51.637952,1023.0,2.5,0.0,12000.0,0.0,750.0
2018-05-30 11:12:51.840134,1023.0,2.5,0.0,12000.0,0.0,750.0
2018-05-30 11:12:52.041314,1023.0,2.5,0.0,12000.0,0.0,750.0
2018-05-30 11:12:52.244497,1023.0,2.5,0.0,12000.0,0.0,750.0
2018-05-30 11:12:52.446679,1023.0,2.5,0.0,12000.0,0.0,750.0
2018-05-30 11:12:52.647860,1023.0,2.5,0.0,12000.0,0.0,750.0
2018-05-30 11:12:52.851043,1023.0,2.5,0.0,12000.0,0.0,750.0
2018-05-30 11:12:53.054225,1023.0,2.5,0.0,12000.0,0.0,750.0
2018-05-30 11:12:53.456587,1023.0,2.5,0.0,12000.0,0.0,750.0
2018-05-30 11:12:53.465595,1023.0,2.5,0.0,12000.0,0.0,750.0
2018-05-30 11:12:53.661772,1023.0,2.5,0.0,12000.0,0.0,750.0
2018-05-30 11:12:53.863953,1023.0,2.5,0.0,12000.0,0.0,750.0
2018-05-30 11:12:54.064133,1023.0,2.5,0.0,12000.0,0.0,750.0
2018-05-30 11:12:54.266315,1023.0,2.5,0.0,12000.0,0.0,750.0
2018-05-30 11:12:54.466495,1023.0,2.5,0.0,12000.0,0.0,750.0
2018-05-30 11:12:54.669678,1023.0,2.5,0.0,12000.0,0.0,750.0
2018-05-30 11:12:54.870859,1023.0,2.5,0.0,12000.0,0.0,750.0
2018-05-30 11:12:55.073041,1023.0,2.5,0.0,12000.0,0.0,750.0
2018-05-30 11:12:55.274221,1023.0,2.5,0.0,12000.0,0.0,750.0
2018-05-30 11:12:55.475402,1023.0,2.5,0.0,12000.0,0.0,750.0
2018-05-30 11:12:55.681588,1023.0,2.5,0.0,12000.0,0.0,750.0
2018-05-30 11:12:55.877764,1023.0,2.5,0.0,12000.0,0.0,750.0
2018-05-30 11:12:56.078945,1023.0,2.5,0.0,12000.0,0.0,750.0
2018-05-30 11:12:56.280126,1023.0,2.5,0.0,12000.0,0.0,750.0
2018-05-30 11:12:56.482308,1023.0,2.5,0.0,12000.0,0.0,750.0
2018-05-30 11:12:56.682488,1023.0,2.5,0.0,12000.0,0.0,750.0
2018-05-30 11:12:56.883669,1023.0,2.5,0.0,12000.0,0.0,750.0
2018-05-30 11:12:57.084850,1023.0,2.5,0.0,12000.0,0.0,750.0
2018-05-30 11:12:57.286030,1023.0,2.5,0.0,12000.0,0.0,750.0
2018-05-30 11:12:57.491215,1023.0,2.5,0.0,12000.0,0.0,750.0
2018-05-30 11:12:57.692396,1023.0,2.5,0.0,12000.0,0.0,750.0
2018-05-30 11:12:57.893577,1023.0,2.5,0.0,12000.0,0.0,750.0
2018-05-30 11:12:58.094758,1023.0,2.5,0.0,12000.0,0.0,750.0
2018-05-30 11:12:58.295939,1023.0,2.5,0.0,12000.0,0.0,750.0
2018-05-30 11:12:58.500122,1023.0,2.5,0.0,12000.0,0.0,750.0
2018-05-30 11:12:58.699301,1023.0,2.5,0.0,12000.0,0.0,750.0
2018-05-30 11:12:58.900482,1023.0,2.5,0.0,12000.0,0.0,750.0
2018-05-30 11:12:59.102664,1023.0,2.5,0.0,12000.0,0.0,750.0
2018-05-30 11:12:59.303845,1023.0,2.5,0.0,12000.0,0.0,750.0
2018-05-30 11:12:59.509029,1023.0,2.5,0.0,12000.0,0.0,750.0
2018-05-30 11:12:59.706207,1023.0,2.5,0.0,12000.0,0.0,750.0
2018-05-30 11:12:59.907388,1023.0,2.5,0.0,12000.0,0.0,750.0
2018-05-30 11:13:00.108568,1023.0,2.5,0.0,12000.0,0.0,750.0
2018-05-30 11:13:00.311751,1023.0,2.5,0.0,12000.0,0.0,750.0
2018-05-30 11:13:00.514934,1023.0,2.5,0.0,12000.0,0.0,750.0
2018-05-30 11:13:00.716115,1023.0,2.5,0.0,12000.0,0.0,750.0
2018-05-30 11:13:00.917296,1023.0,2.5,0.0,12000.0,0.0,750.0
2018-05-30 11:13:01.119477,1023.0,2.5,0.0,12000.0,0.0,750.0
2018-05-30 11:13:01.333670,1023.0,2.5,0.0,12000.0,0.0,750.0
2018-05-30 11:13:01.530847,1023.0,2.5,0.0,12000.0,0.0,750.0
2018-05-30 11:13:01.733029,1023.0,2.5,0.0,12000.0,0.0,750.0
2018-05-30 11:13:01.934210,1023.0,2.5,0.0,12000.0,0.0,750.0
2018-05-30 11:13:02.136392,1023.0,2.5,0.0,12000.0,0.0,750.0
2018-05-30 11:13:02.338574,1023.0,2.5,0.0,12000.0,0.0,750.0
2018-05-30 11:13:02.539755,1023.0,2.5,0.0,12000.0,0.0,750.0
2018-05-30 11:13:02.742937,1023.0,2.5,0.0,12000.0,0.0,750.0
2018-05-30 11:13:02.942116,1023.0,2.5,0.0,12000.0,0.0,750.0
2018-05-30 11:13:03.144298,1023.0,2.5,0.0,12000.0,0.0,750.0
2018-05-30 11:13:03.345479,1023.0,2.5,0.0,12000.0,0.0,750.0
2018-05-30 11:13:03.573684,1023.0,2.5,0.0,12000.0,0.0,750.0
2018-05-30 11:13:03.772863,1023.0,2.5,0.0,12000.0,0.0,750.0
2018-05-30 11:13:03.977047,1023.0,2.5,0.0,12000.0,0.0,750.0
2018-05-30 11:13:04.179229,1023.0,2.5,0.0,12000.0,0.0,750.0
2018-05-30 11:13:04.382411,1023.0,2.5,0.0,12000.0,0.0,750.0
2018-05-30 11:13:04.584593,1023.0,2.5,0.0,12000.0,0.0,750.0
2018-05-30 11:13:04.785774,1023.0,2.5,0.0,12000.0,0.0,750.0
2018-05-30 11:13:04.986955,1023.0,2.5,0.0,12000.0,0.0,750.0
2018-05-30 11:13:05.193140,1023.0,2.5,0.0,12000.0,0.0,750.0
2018-05-30 11:13:05.390318,1023.0,2.5,0.0,12000.0,0.0,750.0
2018-05-30 11:13:05.591499,1023.0,2.5,0.0,12000.0,0.0,750.0
2018-05-30 11:13:05.792680,1023.0,2.5,0.0,12000.0,0.0,750.0
2018-05-30 11:13:05.994861,1023.0,2.5,0.0,12000.0,0.0,750.0
2018-05-30 11:13:06.197043,1023.0,2.5,0.0,12000.0,0.0,750.0
2018-05-30 11:13:06.399225,1023.0,2.5,0.0,12000.0,0.0,750.0
2018-05-30 11:13:06.603409,1023.0,2.5,0.0,12000.0,0.0,750.0
2018-05-30 11:13:06.801587,1023.0,2.5,0.0,12000.0,0.0,750.0
2018-05-30 11:13:07.002768,1023.0,2.5,0.0,12000.0,0.0,750.0
2018-05-30 11:13:07.210955,1023.0,2.5,0.0,12000.0,0.0,750.0
2018-05-30 11:13:07.409133,1023.0,2.5,0.0,12000.0,0.0,750.0
2018-05-30 11:13:07.612316,1023.0,2.5,0.0,12000.0,0.0,750.0
2018-05-30 11:13:07.819502,1023.0,2.5,0.0,12000.0,0.0,750.0
2018-05-30 11:13:08.016679,1023.0,2.5,0.0,12000.0,0.0,750.0
2018-05-30 11:13:08.218861,1023.0,2.5,0.0,12000.0,0.0,750.0
2018-05-30 11:13:08.422044,1023.0,2.5,0.0,12000.0,0.0,750.0
2018-05-30 11:13:08.623225,1023.0,2.5,0.0,12000.0,0.0,750.0
2018-05-30 11:13:08.837417,1023.0,2.5,0.0,12000.0,0.0,750.0
2018-05-30 11:13:09.038598,1023.0,2.5,0.0,12000.0,0.0,750.0
2018-05-30 11:13:09.244784,1023.0,2.5,0.0,12000.0,0.0,750.0
2018-05-30 11:13:09.441961,1023.0,2.5,0.0,12000.0,0.0,750.0
2018-05-30 11:13:09.643142,1023.0,2.5,0.0,12000.0,0.0,750.0
2018-05-30 11:13:09.844323,1023.0,2.5,0.0,12000.0,0.0,750.0
2018-05-30 11:13:10.045504,1023.0,2.5,0.0,12000.0,0.0,750.0
2018-05-30 11:13:10.248686,1023.0,2.5,0.0,12000.0,0.0,750.0
2018-05-30 11:13:10.449867,1023.0,2.5,0.0,12000.0,0.0,750.0
2018-05-30 11:13:10.656053,1023.0,2.5,0.0,12000.0,0.0,750.0
2018-05-30 11:13:10.856233,1023.0,2.5,0.0,12000.0,0.0,750.0
2018-05-30 11:13:11.063419,1023.0,2.5,0.0,12000.0,0.0,750.0
2018-05-30 11:13:11.264600,1023.0,2.5,0.0,12000.0,0.0,750.0
2018-05-30 11:13:11.465781,1023.0,2.5,0.0,12000.0,0.0,750.0
2018-05-30 11:13:11.691984,1023.0,2.5,0.0,12000.0,0.0,750.0
2018-05-30 11:13:11.893165,1023.0,2.5,0.0,12000.0,0.0,750.0
2018-05-30 11:13:12.096348,1023.0,2.5,0.0,12000.0,0.0,750.0
2018-05-30 11:13:12.297529,1023.0,2.5,0.0,12000.0,0.0,750.0
2018-05-30 11:13:12.499710,1023.0,2.5,0.0,12000.0,0.0,750.0
2018-05-30 11:13:12.703894,1023.0,2.5,0.0,12000.0,0.0,750.0
2018-05-30 11:13:12.902072,1023.0,2.5,0.0,12000.0,0.0,750.0
2018-05-30 11:13:13.103253,1023.0,2.5,0.0,12000.0,0.0,750.0
2018-05-30 11:13:13.304434,1023.0,2.5,0.0,12000.0,0.0,750.0
2018-05-30 11:13:13.505615,1023.0,2.5,0.0,12000.0,0.0,750.0
2018-05-30 11:13:13.706796,1023.0,2.5,0.0,12000.0,0.0,750.0
2018-05-30 11:13:13.916985,1023.0,2.5,0.0,12000.0,0.0,750.0
2018-05-30 11:13:14.130177,1023.0,2.5,0.0,12000.0,0.0,750.0
2018-05-30 11:13:14.311339,1023.0,2.5,0.0,12000.0,0.0,750.0
2018-05-30 11:13:14.513521,1023.0,2.5,0.0,12000.0,0.0,750.0
2018-05-30 11:13:14.714702,1023.0,2.5,0.0,12000.0,0.0,750.0
2018-05-30 11:13:14.915883,1023.0,2.5,0.0,12000.0,0.0,750.0
2018-05-30 11:13:15.117064,1023.0,2.5,0.0,12000.0,0.0,750.0
2018-05-30 11:13:15.319246,1023.0,2.5,0.0,12000.0,0.0,750.0
2018-05-30 11:13:15.522428,1023.0,2.5,0.0,12000.0,0.0,750.0
2018-05-30 11:13:15.721608,1023.0,2.5,0.0,12000.0,0.0,750.0
2018-05-30 11:13:15.923789,1023.0,2.5,0.0,12000.0,0.0,750.0
2018-05-30 11:13:16.124970,1023.0,2.5,0.0,12000.0,0.0,750.0
2018-05-30 11:13:16.326151,1023.0,2.5,0.0,12000.0,0.0,750.0
2018-05-30 11:13:16.527332,1023.0,2.5,0.0,12000.0,0.0,750.0
2018-05-30 11:13:16.728513,1023.0,2.5,0.0,12000.0,0.0,750.0
2018-05-30 11:13:16.931696,1023.0,2.5,0.0,12000.0,0.0,750.0
2018-05-30 11:13:17.130875,1023.0,2.5,0.0,12000.0,0.0,750.0
2018-05-30 11:13:17.332056,1023.0,2.5,0.0,12000.0,0.0,750.0
2018-05-30 11:13:17.533237,1023.0,2.5,0.0,12000.0,0.0,750.0
2018-05-30 11:13:17.738421,1023.0,2.5,0.0,12000.0,0.0,750.0
2018-05-30 11:13:17.959620,1023.0,2.5,0.0,12000.0,0.0,750.0
2018-05-30 11:13:18.160801,1023.0,2.5,0.0,12000.0,0.0,750.0
2018-05-30 11:13:18.361982,1023.0,2.5,0.0,12000.0,0.0,750.0
2018-05-30 11:13:18.563163,1023.0,2.5,0.0,12000.0,0.0,750.0
2018-05-30 11:13:18.769348,1023.0,2.5,0.0,12000.0,0.0,750.0
2018-05-30 11:13:18.970529,1023.0,2.5,0.0,12000.0,0.0,750.0
2018-05-30 11:13:19.171710,1023.0,2.5,0.0,12000.0,0.0,750.0
2018-05-30 11:13:19.374893,1023.0,2.5,0.0,12000.0,0.0,750.0
2018-05-30 11:13:19.574072,1023.0,2.5,0.0,12000.0,0.0,750.0
2018-05-30 11:13:19.775253,1023.0,2.5,0.0,12000.0,0.0,750.0
2018-05-30 11:13:19.976433,1023.0,2.5,0.0,12000.0,0.0,750.0
2018-05-30 11:13:20.177614,1023.0,2.5,0.0,12000.0,0.0,750.0
2018-05-30 11:13:20.378795,1023.0,2.5,0.0,12000.0,0.0,750.0
2018-05-30 11:13:20.579976,1023.0,2.5,0.0,12000.0,0.0,750.0
2018-05-30 11:13:20.784160,1023.0,2.5,0.0,12000.0,0.0,750.0
2018-05-30 11:13:20.982338,1023.0,2.5,0.0,12000.0,0.0,750.0
2018-05-30 11:13:21.183519,1023.0,2.5,0.0,12000.0,0.0,750.0
2018-05-30 11:13:21.384700,1023.0,2.5,0.0,12000.0,0.0,750.0
2018-05-30 11:13:21.585881,1023.0,2.5,0.0,12000.0,0.0,750.0
2018-05-30 11:13:21.787062,1023.0,2.5,0.0,12000.0,0.0,750.0
2018-05-30 11:13:21.988242,1023.0,2.5,0.0,12000.0,0.0,750.0
2018-05-30 11:13:22.193427,1023.0,2.5,0.0,12000.0,0.0,750.0
2018-05-30 11:13:22.391605,1023.0,2.5,0.0,12000.0,0.0,750.0
2018-05-30 11:13:22.592786,1023.0,2.5,0.0,12000.0,0.0,750.0
2018-05-30 11:13:22.793967,1023.0,2.5,0.0,12000.0,0.0,750.0
2018-05-30 11:13:22.999151,1023.0,2.5,0.0,12000.0,0.0,750.0
2018-05-30 11:13:23.200332,1023.0,2.5,0.0,12000.0,0.0,750.0
2018-05-30 11:13:23.401513,1023.0,2.5,0.0,12000.0,0.0,750.0
2018-05-30 11:13:23.602694,1023.0,2.5,0.0,12000.0,0.0,750.0
2018-05-30 11:13:23.803875,1023.0,2.5,0.0,12000.0,0.0,750.0
2018-05-30 11:13:24.005056,1023.0,2.5,0.0,12000.0,0.0,750.0
2018-05-30 11:13:24.211241,1023.0,2.5,0.0,12000.0,0.0,750.0
2018-05-30 11:13:24.407418,1023.0,2.5,0.0,12000.0,0.0,750.0
2018-05-30 11:13:24.627616,1023.0,2.5,0.0,12000.0,0.0,750.0
2018-05-30 11:13:24.828797,1023.0,2.5,0.0,12000.0,0.0,750.0
2018-05-30 11:13:25.029978,1023.0,2.5,0.0,12000.0,0.0,750.0
2018-05-30 11:13:25.236163,1023.0,2.5,0.0,12000.0,0.0,750.0
2018-05-30 11:13:25.433340,1023.0,2.5,0.0,12000.0,0.0,750.0
2018-05-30 11:13:25.634521,1023.0,2.5,0.0,12000.0,0.0,750.0
2018-05-30 11:13:25.835702,1023.0,2.5,0.0,12000.0,0.0,750.0
2018-05-30 11:13:26.036883,1023.0,2.5,0.0,12000.0,0.0,750.0
2018-05-30 11:13:26.238064,1023.0,2.5,0.0,12000.0,0.0,750.0
2018-05-30 11:13:26.439245,1023.0,2.5,0.0,12000.0,0.0,750.0
2018-05-30 11:13:26.640426,1023.0,2.5,0.0,12000.0,0.0,750.0
2018-05-30 11:13:26.841607,1023.0,2.5,0.0,12000.0,0.0,750.0
2018-05-30 11:13:27.045790,1023.0,2.5,0.0,12000.0,0.0,750.0
2018-05-30 11:13:27.246971,1023.0,2.5,0.0,12000.0,0.0,750.0
2018-05-30 11:13:27.448152,1023.0,2.5,0.0,12000.0,0.0,750.0
2018-05-30 11:13:27.650334,1023.0,2.5,0.0,12000.0,0.0,750.0
2018-05-30 11:13:27.851515,1023.0,2.5,0.0,12000.0,0.0,750.0
2018-05-30 11:13:28.054697,1023.0,2.5,0.0,12000.0,0.0,750.0
2018-05-30 11:13:28.253876,1023.0,2.5,0.0,12000.0,0.0,750.0
2018-05-30 11:13:28.456058,1023.0,2.5,0.0,12000.0,0.0,750.0
2018-05-30 11:13:28.657239,1023.0,2.5,0.0,12000.0,0.0,750.0
2018-05-30 11:13:28.858420,1023.0,2.5,0.0,12000.0,0.0,750.0
2018-05-30 11:13:29.059601,1023.0,2.5,0.0,12000.0,0.0,750.0
2018-05-30 11:13:29.260782,1023.0,2.5,0.0,12000.0,0.0,750.0
2018-05-30 11:13:29.463965,1023.0,2.5,0.0,12000.0,0.0,750.0
2018-05-30 11:13:29.665145,1023.0,2.5,0.0,12000.0,0.0,750.0
2018-05-30 11:13:29.871331,1023.0,2.5,0.0,12000.0,0.0,750.0
2018-05-30 11:13:30.072512,1023.0,2.5,0.0,12000.0,0.0,750.0
2018-05-30 11:13:30.278697,1023.0,2.5,0.0,12000.0,0.0,750.0
2018-05-30 11:13:30.479878,1023.0,2.5,0.0,12000.0,0.0,750.0
2018-05-30 11:13:30.684062,1023.0,2.5,0.0,12000.0,0.0,750.0
2018-05-30 11:13:30.885243,1023.0,2.5,0.0,12000.0,0.0,750.0
2018-05-30 11:13:31.087424,1023.0,2.5,0.0,12000.0,0.0,750.0
2018-05-30 11:13:31.289606,1023.0,2.5,0.0,12000.0,0.0,750.0
2018-05-30 11:13:31.491788,1023.0,2.5,0.0,12000.0,0.0,750.0
2018-05-30 11:13:31.692969,1023.0,2.5,0.0,12000.0,0.0,750.0
2018-05-30 11:13:31.899154,1023.0,2.5,0.0,12000.0,0.0,750.0
2018-05-30 11:13:32.095331,1023.0,2.5,0.0,12000.0,0.0,750.0
2018-05-30 11:13:32.296512,1023.0,2.5,0.0,12000.0,0.0,750.0
2018-05-30 11:13:32.497692,1023.0,2.5,0.0,12000.0,0.0,750.0
2018-05-30 11:13:32.698873,1023.0,2.5,0.0,12000.0,0.0,750.0
2018-05-30 11:13:32.901055,1023.0,2.5,0.0,12000.0,0.0,750.0
2018-05-30 11:13:33.102236,1023.0,2.5,0.0,12000.0,0.0,750.0
2018-05-30 11:13:33.307421,1023.0,2.5,0.0,12000.0,0.0,750.0
2018-05-30 11:13:33.504598,1023.0,2.5,0.0,12000.0,0.0,750.0
2018-05-30 11:13:33.706780,1023.0,2.5,0.0,12000.0,0.0,750.0
2018-05-30 11:13:33.907961,1023.0,2.5,0.0,12000.0,0.0,750.0
2018-05-30 11:13:34.109141,1023.0,2.5,0.0,12000.0,0.0,750.0
2018-05-30 11:13:34.310322,1023.0,2.5,0.0,12000.0,0.0,750.0
2018-05-30 11:13:34.511503,1023.0,2.5,0.0,12000.0,0.0,750.0
2018-05-30 11:13:34.712684,1023.0,2.5,0.0,12000.0,0.0,750.0
2018-05-30 11:13:34.913865,1023.0,2.5,0.0,12000.0,0.0,750.0
2018-05-30 11:13:35.115046,1023.0,2.5,0.0,12000.0,0.0,750.0
2018-05-30 11:13:35.316227,1023.0,2.5,0.0,12000.0,0.0,750.0
2018-05-30 11:13:35.517408,1023.0,2.5,0.0,12000.0,0.0,750.0
2018-05-30 11:13:35.718589,1023.0,2.5,0.0,12000.0,0.0,750.0
2018-05-30 11:13:35.920770,1023.0,2.5,0.0,12000.0,0.0,750.0
2018-05-30 11:13:36.125955,1023.0,2.5,0.0,12000.0,0.0,750.0
2018-05-30 11:13:36.323132,1023.0,2.5,0.0,12000.0,0.0,750.0
2018-05-30 11:13:36.524313,1023.0,2.5,0.0,12000.0,0.0,750.0
2018-05-30 11:13:36.725494,1023.0,2.5,0.0,12000.0,0.0,750.0
2018-05-30 11:13:36.926675,1023.0,2.5,0.0,12000.0,0.0,750.0
2018-05-30 11:13:37.127856,1023.0,2.5,0.0,12000.0,0.0,750.0
2018-05-30 11:13:37.331039,1023.0,2.5,0.0,12000.0,0.0,750.0
2018-05-30 11:13:37.534221,1023.0,2.5,0.0,12000.0,0.0,750.0
2018-05-30 11:13:37.735402,1023.0,2.5,0.0,12000.0,0.0,750.0
2018-05-30 11:13:37.938585,1023.0,2.5,0.0,12000.0,0.0,750.0
2018-05-30 11:13:38.142768,1023.0,2.5,0.0,12000.0,0.0,750.0
2018-05-30 11:13:38.340947,1023.0,2.5,0.0,12000.0,0.0,750.0
2018-05-30 11:13:38.542128,1023.0,2.5,0.0,12000.0,0.0,750.0
2018-05-30 11:13:38.743308,1023.0,2.5,0.0,12000.0,0.0,750.0
2018-05-30 11:13:38.954498,1023.0,2.5,0.0,12000.0,0.0,750.0
2018-05-30 11:13:39.157681,1023.0,2.5,0.0,12000.0,0.0,750.0
2018-05-30 11:13:39.359863,1023.0,2.5,0.0,12000.0,0.0,750.0
2018-05-30 11:13:39.560043,1023.0,2.5,0.0,12000.0,0.0,750.0
2018-05-30 11:13:39.761224,1023.0,2.5,0.0,12000.0,0.0,750.0
2018-05-30 11:13:39.962405,1023.0,2.5,0.0,12000.0,0.0,750.0
2018-05-30 11:13:40.165587,1023.0,2.5,0.0,12000.0,0.0,750.0
2018-05-30 11:13:40.365767,1023.0,2.5,0.0,12000.0,0.0,750.0
2018-05-30 11:13:40.566948,1023.0,2.5,0.0,12000.0,0.0,750.0
2018-05-30 11:13:40.769130,1023.0,2.5,0.0,12000.0,0.0,750.0
2018-05-30 11:13:40.969310,1023.0,2.5,0.0,12000.0,0.0,750.0
2018-05-30 11:13:41.171492,1023.0,2.5,0.0,12000.0,0.0,750.0
2018-05-30 11:13:41.373674,1023.0,2.5,0.0,12000.0,0.0,750.0
2018-05-30 11:13:41.605882,1023.0,2.5,0.0,12000.0,0.0,750.0
2018-05-30 11:13:41.806062,1023.0,2.5,0.0,12000.0,0.0,750.0
2018-05-30 11:13:42.008244,1023.0,2.5,0.0,12000.0,0.0,750.0
2018-05-30 11:13:42.210426,1023.0,2.5,0.0,12000.0,0.0,750.0
2018-05-30 11:13:42.411607,1023.0,2.5,0.0,12000.0,0.0,750.0
2018-05-30 11:13:42.612788,1023.0,2.5,0.0,12000.0,0.0,750.0
2018-05-30 11:13:42.818973,1023.0,2.5,0.0,12000.0,0.0,750.0
2018-05-30 11:13:43.015150,1023.0,2.5,0.0,12000.0,0.0,750.0
2018-05-30 11:13:43.216331,1023.0,2.5,0.0,12000.0,0.0,750.0
2018-05-30 11:13:43.417511,1023.0,2.5,0.0,12000.0,0.0,750.0
2018-05-30 11:13:43.619693,1023.0,2.5,0.0,12000.0,0.0,750.0
2018-05-30 11:13:43.819873,1023.0,2.5,0.0,12000.0,0.0,750.0
2018-05-30 11:13:44.021054,1023.0,2.5,0.0,12000.0,0.0,750.0
2018-05-30 11:13:44.228240,1023.0,2.5,0.0,12000.0,0.0,750.0
2018-05-30 11:13:44.429421,1023.0,2.5,0.0,12000.0,0.0,750.0
2018-05-30 11:13:44.630602,1023.0,2.5,0.0,12000.0,0.0,750.0
2018-05-30 11:13:44.836788,1023.0,2.5,0.0,12000.0,0.0,750.0
2018-05-30 11:13:45.032964,1023.0,2.5,0.0,12000.0,0.0,750.0
2018-05-30 11:13:45.234145,1023.0,2.5,0.0,12000.0,0.0,750.0
2018-05-30 11:13:45.435248,1023.0,2.5,0.0,12000.0,0.0,750.0
2018-05-30 11:13:45.637228,1023.0,2.5,0.0,12000.0,0.0,750.0
2018-05-30 11:13:45.838208,1023.0,2.5,0.0,12000.0,0.0,750.0
2018-05-30 11:13:46.039187,1023.0,2.5,0.0,12000.0,0.0,750.0
2018-05-30 11:13:46.240167,1023.0,2.5,0.0,12000.0,0.0,750.0
2018-05-30 11:13:46.442147,1023.0,2.5,0.0,12000.0,0.0,750.0
2018-05-30 11:13:46.643127,1023.0,2.5,0.0,12000.0,0.0,750.0
2018-05-30 11:13:46.845107,1023.0,2.5,0.0,12000.0,0.0,750.0
2018-05-30 11:13:47.046087,1023.0,2.5,0.0,12000.0,0.0,750.0
2018-05-30 11:13:47.248067,1023.0,2.5,0.0,12000.0,0.0,750.0
2018-05-30 11:13:47.449046,1023.0,2.5,0.0,12000.0,0.0,750.0
2018-05-30 11:13:47.653026,1023.0,2.5,0.0,12000.0,0.0,750.0
2018-05-30 11:13:47.851006,1023.0,2.5,0.0,12000.0,0.0,750.0
2018-05-30 11:13:48.051986,1023.0,2.5,0.0,12000.0,0.0,750.0
2018-05-30 11:13:48.252966,1023.0,2.5,0.0,12000.0,0.0,750.0
2018-05-30 11:13:48.459945,1023.0,2.5,0.0,12000.0,0.0,750.0
2018-05-30 11:13:48.661925,1023.0,2.5,0.0,12000.0,0.0,750.0
2018-05-30 11:13:48.879903,1023.0,2.5,0.0,12000.0,0.0,750.0
2018-05-30 11:13:49.081883,1023.0,2.5,0.0,12000.0,0.0,750.0
2018-05-30 11:13:49.284863,1023.0,2.5,0.0,12000.0,0.0,750.0
2018-05-30 11:13:49.484843,1023.0,2.5,0.0,12000.0,0.0,750.0
2018-05-30 11:13:49.685823,1023.0,2.5,0.0,12000.0,0.0,750.0
2018-05-30 11:13:49.886803,1023.0,2.5,0.0,12000.0,0.0,750.0
2018-05-30 11:13:50.087783,1023.0,2.5,0.0,12000.0,0.0,750.0
2018-05-30 11:13:50.288762,1023.0,2.5,0.0,12000.0,0.0,750.0
2018-05-30 11:13:50.490742,1023.0,2.5,0.0,12000.0,0.0,750.0
2018-05-30 11:13:50.692722,1023.0,2.5,0.0,12000.0,0.0,750.0
2018-05-30 11:13:50.892702,1023.0,2.5,0.0,12000.0,0.0,750.0
2018-05-30 11:13:51.096682,1023.0,2.5,0.0,12000.0,0.0,750.0
2018-05-30 11:13:51.300661,1023.0,2.5,0.0,12000.0,0.0,750.0
2018-05-30 11:13:51.498641,1023.0,2.5,0.0,12000.0,0.0,750.0
2018-05-30 11:13:51.699621,1023.0,2.5,0.0,12000.0,0.0,750.0
2018-05-30 11:13:51.902601,1023.0,2.5,0.0,12000.0,0.0,750.0
2018-05-30 11:13:52.103581,1023.0,2.5,0.0,12000.0,0.0,750.0
2018-05-30 11:13:52.304561,1023.0,2.5,0.0,12000.0,0.0,750.0
2018-05-30 11:13:52.506541,1023.0,2.5,0.0,12000.0,0.0,750.0
2018-05-30 11:13:52.709520,1023.0,2.5,0.0,12000.0,0.0,750.0
2018-05-30 11:13:52.910500,1023.0,2.5,0.0,12000.0,0.0,750.0
2018-05-30 11:13:53.111480,1023.0,2.5,0.0,12000.0,0.0,750.0
2018-05-30 11:13:53.316460,1023.0,2.5,0.0,12000.0,0.0,750.0
2018-05-30 11:13:53.513440,1023.0,2.5,0.0,12000.0,0.0,750.0
2018-05-30 11:13:53.715420,1023.0,2.5,0.0,12000.0,0.0,750.0
2018-05-30 11:13:53.917400,1023.0,2.5,0.0,12000.0,0.0,750.0
2018-05-30 11:13:54.118379,1023.0,2.5,0.0,12000.0,0.0,750.0
2018-05-30 11:13:54.319359,1023.0,2.5,0.0,12000.0,0.0,750.0
2018-05-30 11:13:54.520339,1023.0,2.5,0.0,12000.0,0.0,750.0
2018-05-30 11:13:54.723319,1023.0,2.5,0.0,12000.0,0.0,750.0
2018-05-30 11:13:54.922299,1023.0,2.5,0.0,12000.0,0.0,750.0
2018-05-30 11:13:55.126279,1023.0,2.5,0.0,12000.0,0.0,750.0
2018-05-30 11:13:55.331258,1023.0,2.5,0.0,12000.0,0.0,750.0
2018-05-30 11:13:55.530238,1023.0,2.5,0.0,12000.0,0.0,750.0
2018-05-30 11:13:55.731218,1023.0,2.5,0.0,12000.0,0.0,750.0
2018-05-30 11:13:55.932198,1023.0,2.5,0.0,12000.0,0.0,750.0
2018-05-30 11:13:56.172174,1023.0,2.5,0.0,12000.0,0.0,750.0
2018-05-30 11:13:56.452146,1023.0,2.5,0.0,12000.0,0.0,750.0
2018-05-30 11:13:56.656126,1023.0,2.5,0.0,12000.0,0.0,750.0
2018-05-30 11:13:56.857106,1023.0,2.5,0.0,12000.0,0.0,750.0
2018-05-30 11:13:57.085083,1023.0,2.5,0.0,12000.0,0.0,750.0
2018-05-30 11:13:57.285063,1023.0,2.5,0.0,12000.0,0.0,750.0
2018-05-30 11:13:57.486043,1023.0,2.5,0.0,12000.0,0.0,750.0
2018-05-30 11:13:57.706021,1023.0,2.5,0.0,12000.0,0.0,750.0
2018-05-30 11:13:57.907001,1023.0,2.5,0.0,12000.0,0.0,750.0
2018-05-30 11:13:58.107980,1023.0,2.5,0.0,12000.0,0.0,750.0
2018-05-30 11:13:58.308960,1023.0,2.5,0.0,12000.0,0.0,750.0
2018-05-30 11:13:58.509940,1023.0,2.5,0.0,12000.0,0.0,750.0
2018-05-30 11:13:58.710920,1023.0,2.5,0.0,12000.0,0.0,750.0
2018-05-30 11:13:58.924899,1023.0,2.5,0.0,12000.0,0.0,750.0
2018-05-30 11:13:59.132878,1023.0,2.5,0.0,12000.0,0.0,750.0
2018-05-30 11:13:59.334858,1023.0,2.5,0.0,12000.0,0.0,750.0
2018-05-30 11:13:59.534838,1023.0,2.5,0.0,12000.0,0.0,750.0
2018-05-30 11:13:59.736818,1023.0,2.5,0.0,12000.0,0.0,750.0
2018-05-30 11:13:59.943797,1023.0,2.5,0.0,12000.0,0.0,750.0
2018-05-30 11:14:00.142777,1023.0,2.5,0.0,12000.0,0.0,750.0
2018-05-30 11:14:00.343757,1023.0,2.5,0.0,12000.0,0.0,750.0
2018-05-30 11:14:00.546737,1023.0,2.5,0.0,12000.0,0.0,750.0
2018-05-30 11:14:00.746717,1023.0,2.5,0.0,12000.0,0.0,750.0
2018-05-30 11:14:00.947696,1023.0,2.5,0.0,12000.0,0.0,750.0
2018-05-30 11:14:01.148676,1023.0,2.5,0.0,12000.0,0.0,750.0
2018-05-30 11:14:01.354656,1023.0,2.5,0.0,12000.0,0.0,750.0
2018-05-30 11:14:01.555636,1023.0,2.5,0.0,12000.0,0.0,750.0
2018-05-30 11:14:01.756616,1023.0,2.5,0.0,12000.0,0.0,750.0
2018-05-30 11:14:01.957595,1023.0,2.5,0.0,12000.0,0.0,750.0
2018-05-30 11:14:02.158575,1023.0,2.5,0.0,12000.0,0.0,750.0
2018-05-30 11:14:02.359555,1023.0,2.5,0.0,12000.0,0.0,750.0
2018-05-30 11:14:02.562535,1023.0,2.5,0.0,12000.0,0.0,750.0
2018-05-30 11:14:02.761515,1023.0,2.5,0.0,12000.0,0.0,750.0
2018-05-30 11:14:02.963495,1023.0,2.5,0.0,12000.0,0.0,750.0
2018-05-30 11:14:03.170474,1023.0,2.5,0.0,12000.0,0.0,750.0
2018-05-30 11:14:03.367454,1023.0,2.5,0.0,12000.0,0.0,750.0
2018-05-30 11:14:03.568434,1023.0,2.5,0.0,12000.0,0.0,750.0
2018-05-30 11:14:03.769414,1023.0,2.5,0.0,12000.0,0.0,750.0
2018-05-30 11:14:03.970394,1023.0,2.5,0.0,12000.0,0.0,750.0
2018-05-30 11:14:04.171374,1023.0,2.5,0.0,12000.0,0.0,750.0
2018-05-30 11:14:04.372354,1023.0,2.5,0.0,12000.0,0.0,750.0
2018-05-30 11:14:04.573334,1023.0,2.5,0.0,12000.0,0.0,750.0
2018-05-30 11:14:04.774314,1023.0,2.5,0.0,12000.0,0.0,750.0
2018-05-30 11:14:04.975294,1023.0,2.5,0.0,12000.0,0.0,750.0
2018-05-30 11:14:05.176274,1023.0,2.5,0.0,12000.0,0.0,750.0
2018-05-30 11:14:05.377253,1023.0,2.5,0.0,12000.0,0.0,750.0
2018-05-30 11:14:05.582233,1023.0,2.5,0.0,12000.0,0.0,750.0
2018-05-30 11:14:05.783213,1023.0,2.5,0.0,12000.0,0.0,750.0
2018-05-30 11:14:05.986193,1023.0,2.5,0.0,12000.0,0.0,750.0
2018-05-30 11:14:06.185173,1023.0,2.5,0.0,12000.0,0.0,750.0
2018-05-30 11:14:06.386153,1023.0,2.5,0.0,12000.0,0.0,750.0
2018-05-30 11:14:06.588132,1023.0,2.5,0.0,12000.0,0.0,750.0
2018-05-30 11:14:06.789112,1023.0,2.5,0.0,12000.0,0.0,750.0
2018-05-30 11:14:06.990092,1023.0,2.5,0.0,12000.0,0.0,750.0
2018-05-30 11:14:07.191072,1023.0,2.5,0.0,12000.0,0.0,750.0
2018-05-30 11:14:07.394052,1023.0,2.5,0.0,12000.0,0.0,750.0
2018-05-30 11:14:07.593032,1023.0,2.5,0.0,12000.0,0.0,750.0
2018-05-30 11:14:07.794012,1023.0,2.5,0.0,12000.0,0.0,750.0
2018-05-30 11:14:07.994992,1023.0,2.5,0.0,12000.0,0.0,750.0
2018-05-30 11:14:08.195972,1023.0,2.5,0.0,12000.0,0.0,750.0
2018-05-30 11:14:08.399951,1023.0,2.5,0.0,12000.0,0.0,750.0
2018-05-30 11:14:08.600931,1023.0,2.5,0.0,12000.0,0.0,750.0
2018-05-30 11:14:08.816909,1023.0,2.5,0.0,12000.0,0.0,750.0
2018-05-30 11:14:09.018889,1023.0,2.5,0.0,12000.0,0.0,750.0
2018-05-30 11:14:09.221869,1023.0,2.5,0.0,12000.0,0.0,750.0
2018-05-30 11:14:09.423849,1023.0,2.5,0.0,12000.0,0.0,750.0
2018-05-30 11:14:09.624829,1023.0,2.5,0.0,12000.0,0.0,750.0
2018-05-30 11:14:09.826808,1023.0,2.5,0.0,12000.0,0.0,750.0
2018-05-30 11:14:10.027788,1023.0,2.5,0.0,12000.0,0.0,750.0
2018-05-30 11:14:10.228768,1023.0,2.5,0.0,12000.0,0.0,750.0
2018-05-30 11:14:10.433748,1023.0,2.5,0.0,12000.0,0.0,750.0
2018-05-30 11:14:10.632728,1023.0,2.5,0.0,12000.0,0.0,750.0
2018-05-30 11:14:10.833708,1023.0,2.5,0.0,12000.0,0.0,750.0
2018-05-30 11:14:11.034688,1023.0,2.5,0.0,12000.0,0.0,750.0
2018-05-30 11:14:11.235668,1023.0,2.5,0.0,12000.0,0.0,750.0
2018-05-30 11:14:11.437647,1023.0,2.5,0.0,12000.0,0.0,750.0
2018-05-30 11:14:11.638627,1023.0,2.5,0.0,12000.0,0.0,750.0
2018-05-30 11:14:11.840607,1023.0,2.5,0.0,12000.0,0.0,750.0
2018-05-30 11:14:12.040587,1023.0,2.5,0.0,12000.0,0.0,750.0
2018-05-30 11:14:12.242567,1023.0,2.5,0.0,12000.0,0.0,750.0
2018-05-30 11:14:12.448546,1023.0,2.5,0.0,12000.0,0.0,750.0
2018-05-30 11:14:12.644527,1023.0,2.5,0.0,12000.0,0.0,750.0
2018-05-30 11:14:12.846506,1023.0,2.5,0.0,12000.0,0.0,750.0
2018-05-30 11:14:13.047486,1023.0,2.5,0.0,12000.0,0.0,750.0
2018-05-30 11:14:13.248466,1023.0,2.5,0.0,12000.0,0.0,750.0
2018-05-30 11:14:13.449446,1023.0,2.5,0.0,12000.0,0.0,750.0
2018-05-30 11:14:13.650426,1023.0,2.5,0.0,12000.0,0.0,750.0
2018-05-30 11:14:13.856405,1023.0,2.5,0.0,12000.0,0.0,750.0
2018-05-30 11:14:14.057385,1023.0,2.5,0.0,12000.0,0.0,750.0
2018-05-30 11:14:14.259365,1023.0,2.5,0.0,12000.0,0.0,750.0
2018-05-30 11:14:14.464345,1023.0,2.5,0.0,12000.0,0.0,750.0
2018-05-30 11:14:14.661325,1023.0,2.5,0.0,12000.0,0.0,750.0
2018-05-30 11:14:14.862305,1023.0,2.5,0.0,12000.0,0.0,750.0
2018-05-30 11:14:15.063285,1023.0,2.5,0.0,12000.0,0.0,750.0
2018-05-30 11:14:15.266264,1023.0,2.5,0.0,12000.0,0.0,750.0
2018-05-30 11:14:15.466244,1023.0,2.5,0.0,12000.0,0.0,750.0
2018-05-30 11:14:15.667224,1023.0,2.5,0.0,12000.0,0.0,750.0
2018-05-30 11:14:15.872204,1023.0,2.5,0.0,12000.0,0.0,750.0
2018-05-30 11:14:16.070184,1023.0,2.5,0.0,12000.0,0.0,750.0
2018-05-30 11:14:16.271164,1023.0,2.5,0.0,12000.0,0.0,750.0
2018-05-30 11:14:16.472144,1023.0,2.5,0.0,12000.0,0.0,750.0
2018-05-30 11:14:16.673124,1023.0,2.5,0.0,12000.0,0.0,750.0
2018-05-30 11:14:16.875104,1023.0,2.5,0.0,12000.0,0.0,750.0
2018-05-30 11:14:17.077083,1023.0,2.5,0.0,12000.0,0.0,750.0
2018-05-30 11:14:17.281063,1023.0,2.5,0.0,12000.0,0.0,750.0
2018-05-30 11:14:17.480043,1023.0,2.5,0.0,12000.0,0.0,750.0
2018-05-30 11:14:17.682023,1023.0,2.5,0.0,12000.0,0.0,750.0
2018-05-30 11:14:17.888002,1023.0,2.5,0.0,12000.0,0.0,750.0
2018-05-30 11:14:18.083983,1023.0,2.5,0.0,12000.0,0.0,750.0
2018-05-30 11:14:18.293962,1023.0,2.5,0.0,12000.0,0.0,750.0
2018-05-30 11:14:18.495941,1023.0,2.5,0.0,12000.0,0.0,750.0
2018-05-30 11:14:18.695921,1023.0,2.5,0.0,12000.0,0.0,750.0
2018-05-30 11:14:18.920899,1023.0,2.5,0.0,12000.0,0.0,750.0
2018-05-30 11:14:19.123879,1023.0,2.5,0.0,12000.0,0.0,750.0
2018-05-30 11:14:19.327858,1023.0,2.5,0.0,12000.0,0.0,750.0
2018-05-30 11:14:19.526838,1023.0,2.5,0.0,12000.0,0.0,750.0
2018-05-30 11:14:19.727818,1023.0,2.5,0.0,12000.0,0.0,750.0
2018-05-30 11:14:19.928798,1023.0,2.5,0.0,12000.0,0.0,750.0
2018-05-30 11:14:20.129778,1023.0,2.5,0.0,12000.0,0.0,750.0
2018-05-30 11:14:20.330758,1023.0,2.5,0.0,12000.0,0.0,750.0
2018-05-30 11:14:20.531738,1023.0,2.5,0.0,12000.0,0.0,750.0
2018-05-30 11:14:20.735717,1023.0,2.5,0.0,12000.0,0.0,750.0
2018-05-30 11:14:20.933698,1023.0,2.5,0.0,12000.0,0.0,750.0
2018-05-30 11:14:21.134678,1023.0,2.5,0.0,12000.0,0.0,750.0
2018-05-30 11:14:21.337657,1023.0,2.5,0.0,12000.0,0.0,750.0
2018-05-30 11:14:21.539637,1023.0,2.5,0.0,12000.0,0.0,750.0
2018-05-30 11:14:21.741617,1023.0,2.5,0.0,12000.0,0.0,750.0
2018-05-30 11:14:21.942597,1023.0,2.5,0.0,12000.0,0.0,750.0
2018-05-30 11:14:22.143577,1023.0,2.5,0.0,12000.0,0.0,750.0
2018-05-30 11:14:22.344557,1023.0,2.5,0.0,12000.0,0.0,750.0
2018-05-30 11:14:22.545536,1023.0,2.5,0.0,12000.0,0.0,750.0
2018-05-30 11:14:22.751516,1023.0,2.5,0.0,12000.0,0.0,750.0
2018-05-30 11:14:22.947496,1023.0,2.5,0.0,12000.0,0.0,750.0
2018-05-30 11:14:23.148476,1023.0,2.5,0.0,12000.0,0.0,750.0
2018-05-30 11:14:23.349456,1023.0,2.5,0.0,12000.0,0.0,750.0
2018-05-30 11:14:23.551436,1023.0,2.5,0.0,12000.0,0.0,750.0
2018-05-30 11:14:23.751416,1023.0,2.5,0.0,12000.0,0.0,750.0
2018-05-30 11:14:23.952396,1023.0,2.5,0.0,12000.0,0.0,750.0
2018-05-30 11:14:24.153376,1023.0,2.5,0.0,12000.0,0.0,750.0
2018-05-30 11:14:24.354356,1023.0,2.5,0.0,12000.0,0.0,750.0
2018-05-30 11:14:24.555335,1023.0,2.5,0.0,12000.0,0.0,750.0
2018-05-30 11:14:24.756315,1023.0,2.5,0.0,12000.0,0.0,750.0
2018-05-30 11:14:24.959295,1023.0,2.5,0.0,12000.0,0.0,750.0
2018-05-30 11:14:25.160275,1023.0,2.5,0.0,12000.0,0.0,750.0
2018-05-30 11:14:25.361255,1023.0,2.5,0.0,12000.0,0.0,750.0
2018-05-30 11:14:25.567234,1023.0,2.5,0.0,12000.0,0.0,750.0
2018-05-30 11:14:25.764215,1023.0,2.5,0.0,12000.0,0.0,750.0
2018-05-30 11:14:25.967194,1023.0,2.5,0.0,12000.0,0.0,750.0
2018-05-30 11:14:26.168174,1023.0,2.5,0.0,12000.0,0.0,750.0
2018-05-30 11:14:26.374154,1023.0,2.5,0.0,12000.0,0.0,750.0
2018-05-30 11:14:26.576133,1023.0,2.5,0.0,12000.0,0.0,750.0
2018-05-30 11:14:26.783113,1023.0,2.5,0.0,12000.0,0.0,750.0
2018-05-30 11:14:26.979093,1023.0,2.5,0.0,12000.0,0.0,750.0
2018-05-30 11:14:27.182073,1023.0,2.5,0.0,12000.0,0.0,750.0
2018-05-30 11:14:27.391052,1023.0,2.5,0.0,12000.0,0.0,750.0
2018-05-30 11:14:27.591032,1023.0,2.5,0.0,12000.0,0.0,750.0
2018-05-30 11:14:27.792012,1023.0,2.5,0.0,12000.0,0.0,750.0
2018-05-30 11:14:27.992992,1023.0,2.5,0.0,12000.0,0.0,750.0
2018-05-30 11:14:28.193972,1023.0,2.5,0.0,12000.0,0.0,750.0
2018-05-30 11:14:28.394951,1023.0,2.5,0.0,12000.0,0.0,750.0
2018-05-30 11:14:28.595931,1023.0,2.5,0.0,12000.0,0.0,750.0
2018-05-30 11:14:28.798911,1023.0,2.5,0.0,12000.0,0.0,750.0
2018-05-30 11:14:29.006890,1023.0,2.5,0.0,12000.0,0.0,750.0
2018-05-30 11:14:29.205870,1023.0,2.5,0.0,12000.0,0.0,750.0
2018-05-30 11:14:29.411850,1023.0,2.5,0.0,12000.0,0.0,750.0
2018-05-30 11:14:29.613830,1023.0,2.5,0.0,12000.0,0.0,750.0
2018-05-30 11:14:29.813810,1023.0,2.5,0.0,12000.0,0.0,750.0
2018-05-30 11:14:30.014789,1023.0,2.5,0.0,12000.0,0.0,750.0
2018-05-30 11:14:30.215769,1023.0,2.5,0.0,12000.0,0.0,750.0
2018-05-30 11:14:30.416749,1023.0,2.5,0.0,12000.0,0.0,750.0
2018-05-30 11:14:30.618729,1023.0,2.5,0.0,12000.0,0.0,750.0
2018-05-30 11:14:30.819709,1023.0,2.5,0.0,12000.0,0.0,750.0
2018-05-30 11:14:31.021689,1023.0,2.5,0.0,12000.0,0.0,750.0
2018-05-30 11:14:31.222669,1023.0,2.5,0.0,12000.0,0.0,750.0
2018-05-30 11:14:31.424648,1023.0,2.5,0.0,12000.0,0.0,750.0
2018-05-30 11:14:31.629628,1023.0,2.5,0.0,12000.0,0.0,750.0
2018-05-30 11:14:31.825608,1023.0,2.5,0.0,12000.0,0.0,750.0
2018-05-30 11:14:32.026588,1023.0,2.5,0.0,12000.0,0.0,750.0
2018-05-30 11:14:32.227568,1023.0,2.5,0.0,12000.0,0.0,750.0
2018-05-30 11:14:32.429548,1023.0,2.5,0.0,12000.0,0.0,750.0
2018-05-30 11:14:32.630528,1023.0,2.5,0.0,12000.0,0.0,750.0
2018-05-30 11:14:32.831508,1023.0,2.5,0.0,12000.0,0.0,750.0
2018-05-30 11:14:33.037487,1023.0,2.5,0.0,12000.0,0.0,750.0
2018-05-30 11:14:33.234467,1023.0,2.5,0.0,12000.0,0.0,750.0
2018-05-30 11:14:33.435447,1023.0,2.5,0.0,12000.0,0.0,750.0
2018-05-30 11:14:33.636427,1023.0,2.5,0.0,12000.0,0.0,750.0
2018-05-30 11:14:33.837407,1023.0,2.5,0.0,12000.0,0.0,750.0
2018-05-30 11:14:34.039387,1023.0,2.5,0.0,12000.0,0.0,750.0
2018-05-30 11:14:34.240367,1023.0,2.5,0.0,12000.0,0.0,750.0
2018-05-30 11:14:34.445346,1023.0,2.5,0.0,12000.0,0.0,750.0
2018-05-30 11:14:34.642327,1023.0,2.5,0.0,12000.0,0.0,750.0
2018-05-30 11:14:34.844306,1023.0,2.5,0.0,12000.0,0.0,750.0
2018-05-30 11:14:35.045286,1023.0,2.5,0.0,12000.0,0.0,750.0
2018-05-30 11:14:35.248266,1023.0,2.5,0.0,12000.0,0.0,750.0
2018-05-30 11:14:35.449246,1023.0,2.5,0.0,12000.0,0.0,750.0
2018-05-30 11:14:35.651226,1023.0,2.5,0.0,12000.0,0.0,750.0
2018-05-30 11:14:35.854205,1023.0,2.5,0.0,12000.0,0.0,750.0
2018-05-30 11:14:36.054185,1023.0,2.5,0.0,12000.0,0.0,750.0
2018-05-30 11:14:36.256165,1023.0,2.5,0.0,12000.0,0.0,750.0
2018-05-30 11:14:36.461145,1023.0,2.5,0.0,12000.0,0.0,750.0
2018-05-30 11:14:36.658125,1023.0,2.5,0.0,12000.0,0.0,750.0
2018-05-30 11:14:36.859105,1023.0,2.5,0.0,12000.0,0.0,750.0
2018-05-30 11:14:37.061085,1023.0,2.5,0.0,12000.0,0.0,750.0
2018-05-30 11:14:37.262065,1023.0,2.5,0.0,12000.0,0.0,750.0
2018-05-30 11:14:37.464044,1023.0,2.5,0.0,12000.0,0.0,750.0
2018-05-30 11:14:37.665024,1023.0,2.5,0.0,12000.0,0.0,750.0
2018-05-30 11:14:37.870004,1023.0,2.5,0.0,12000.0,0.0,750.0
2018-05-30 11:14:38.066984,1023.0,2.5,0.0,12000.0,0.0,750.0
2018-05-30 11:14:38.267964,1023.0,2.5,0.0,12000.0,0.0,750.0
2018-05-30 11:14:38.468944,1023.0,2.5,0.0,12000.0,0.0,750.0
2018-05-30 11:14:38.669924,1023.0,2.5,0.0,12000.0,0.0,750.0
2018-05-30 11:14:38.882903,1023.0,2.5,0.0,12000.0,0.0,750.0
2018-05-30 11:14:39.084882,1023.0,2.5,0.0,12000.0,0.0,750.0
2018-05-30 11:14:39.284862,1023.0,2.5,0.0,12000.0,0.0,750.0
2018-05-30 11:14:39.485842,1023.0,2.5,0.0,12000.0,0.0,750.0
2018-05-30 11:14:39.686822,1023.0,2.5,0.0,12000.0,0.0,750.0
2018-05-30 11:14:39.887802,1023.0,2.5,0.0,12000.0,0.0,750.0
2018-05-30 11:14:40.088782,1023.0,2.5,0.0,12000.0,0.0,750.0
2018-05-30 11:14:40.290762,1023.0,2.5,0.0,12000.0,0.0,750.0
2018-05-30 11:14:40.492742,1023.0,2.5,0.0,12000.0,0.0,750.0
2018-05-30 11:14:40.692722,1023.0,2.5,0.0,12000.0,0.0,750.0
2018-05-30 11:14:40.893701,1023.0,2.5,0.0,12000.0,0.0,750.0
2018-05-30 11:14:41.094681,1023.0,2.5,0.0,12000.0,0.0,750.0
2018-05-30 11:14:41.295661,1023.0,2.5,0.0,12000.0,0.0,750.0
2018-05-30 11:14:41.496641,1023.0,2.5,0.0,12000.0,0.0,750.0
2018-05-30 11:14:41.697621,1023.0,2.5,0.0,12000.0,0.0,750.0
2018-05-30 11:14:41.909600,1023.0,2.5,0.0,12000.0,0.0,750.0
2018-05-30 11:14:42.110580,1023.0,2.5,0.0,12000.0,0.0,750.0
2018-05-30 11:14:42.316559,1023.0,2.5,0.0,12000.0,0.0,750.0
2018-05-30 11:14:42.513539,1023.0,2.5,0.0,12000.0,0.0,750.0
2018-05-30 11:14:42.714519,1023.0,2.5,0.0,12000.0,0.0,750.0
2018-05-30 11:14:42.917499,1023.0,2.5,0.0,12000.0,0.0,750.0
2018-05-30 11:14:43.119479,1023.0,2.5,0.0,12000.0,0.0,750.0
2018-05-30 11:14:43.319459,1023.0,2.5,0.0,12000.0,0.0,750.0
2018-05-30 11:14:43.521439,1023.0,2.5,0.0,12000.0,0.0,750.0
2018-05-30 11:14:43.724418,1023.0,2.5,0.0,12000.0,0.0,750.0
2018-05-30 11:14:43.924398,1023.0,2.5,0.0,12000.0,0.0,750.0
2018-05-30 11:14:44.125378,1023.0,2.5,0.0,12000.0,0.0,750.0
2018-05-30 11:14:44.326358,1023.0,2.5,0.0,12000.0,0.0,750.0
2018-05-30 11:14:44.527338,1023.0,2.5,0.0,12000.0,0.0,750.0
2018-05-30 11:14:44.728318,1023.0,2.5,0.0,12000.0,0.0,750.0
2018-05-30 11:14:44.929298,1023.0,2.5,0.0,12000.0,0.0,750.0
2018-05-30 11:14:45.132278,1023.0,2.5,0.0,12000.0,0.0,750.0
2018-05-30 11:14:45.332258,1023.0,2.5,0.0,12000.0,0.0,750.0
2018-05-30 11:14:45.533237,1023.0,2.5,0.0,12000.0,0.0,750.0
2018-05-30 11:14:45.734217,1023.0,2.5,0.0,12000.0,0.0,750.0
2018-05-30 11:14:45.967194,1023.0,2.5,0.0,12000.0,0.0,750.0
2018-05-30 11:14:46.179173,1023.0,2.5,0.0,12000.0,0.0,750.0
2018-05-30 11:14:46.390152,1023.0,2.5,0.0,12000.0,0.0,750.0
2018-05-30 11:14:46.595131,1023.0,2.5,0.0,12000.0,0.0,750.0
2018-05-30 11:14:46.804110,1023.0,2.5,0.0,12000.0,0.0,750.0
2018-05-30 11:14:47.005090,1023.0,2.5,0.0,12000.0,0.0,750.0
2018-05-30 11:14:47.211070,1023.0,2.5,0.0,12000.0,0.0,750.0
2018-05-30 11:14:47.409050,1023.0,2.5,0.0,12000.0,0.0,750.0
2018-05-30 11:14:47.610030,1023.0,2.5,0.0,12000.0,0.0,750.0
2018-05-30 11:14:47.811010,1023.0,2.5,0.0,12000.0,0.0,750.0
2018-05-30 11:14:48.016989,1023.0,2.5,0.0,12000.0,0.0,750.0
2018-05-30 11:14:48.217969,1023.0,2.5,0.0,12000.0,0.0,750.0
2018-05-30 11:14:48.418949,1023.0,2.5,0.0,12000.0,0.0,750.0
2018-05-30 11:14:48.622928,1023.0,2.5,0.0,12000.0,0.0,750.0
2018-05-30 11:14:48.835907,1023.0,2.5,0.0,12000.0,0.0,750.0
2018-05-30 11:14:49.037887,1023.0,2.5,0.0,12000.0,0.0,750.0
2018-05-30 11:14:49.239867,1023.0,2.5,0.0,12000.0,0.0,750.0
2018-05-30 11:14:49.440847,1023.0,2.5,0.0,12000.0,0.0,750.0
2018-05-30 11:14:49.642826,1023.0,2.5,0.0,12000.0,0.0,750.0
2018-05-30 11:14:49.843806,1023.0,2.5,0.0,12000.0,0.0,750.0
2018-05-30 11:14:50.044786,1023.0,2.5,0.0,12000.0,0.0,750.0
2018-05-30 11:14:50.250766,1023.0,2.5,0.0,12000.0,0.0,750.0
2018-05-30 11:14:50.446746,1023.0,2.5,0.0,12000.0,0.0,750.0
2018-05-30 11:14:50.647726,1023.0,2.5,0.0,12000.0,0.0,750.0
2018-05-30 11:14:50.848706,1023.0,2.5,0.0,12000.0,0.0,750.0
2018-05-30 11:14:51.050686,1023.0,2.5,0.0,12000.0,0.0,750.0
2018-05-30 11:14:51.251666,1023.0,2.5,0.0,12000.0,0.0,750.0
2018-05-30 11:14:51.453645,1023.0,2.5,0.0,12000.0,0.0,750.0
2018-05-30 11:14:51.658625,1023.0,2.5,0.0,12000.0,0.0,750.0
2018-05-30 11:14:51.856605,1023.0,2.5,0.0,12000.0,0.0,750.0
2018-05-30 11:14:52.057585,1023.0,2.5,0.0,12000.0,0.0,750.0
2018-05-30 11:14:52.266564,1023.0,2.5,0.0,12000.0,0.0,750.0
2018-05-30 11:14:52.464544,1023.0,2.5,0.0,12000.0,0.0,750.0
2018-05-30 11:14:52.665524,1023.0,2.5,0.0,12000.0,0.0,750.0
2018-05-30 11:14:52.867504,1023.0,2.5,0.0,12000.0,0.0,750.0
2018-05-30 11:14:53.069484,1023.0,2.5,0.0,12000.0,0.0,750.0
2018-05-30 11:14:53.271464,1023.0,2.5,0.0,12000.0,0.0,750.0
2018-05-30 11:14:53.472443,1023.0,2.5,0.0,12000.0,0.0,750.0
2018-05-30 11:14:53.674423,1023.0,2.5,0.0,12000.0,0.0,750.0
2018-05-30 11:14:53.874403,1023.0,2.5,0.0,12000.0,0.0,750.0
2018-05-30 11:14:54.076383,1023.0,2.5,0.0,12000.0,0.0,750.0
2018-05-30 11:14:54.282362,1023.0,2.5,0.0,12000.0,0.0,750.0
2018-05-30 11:14:54.479343,1023.0,2.5,0.0,12000.0,0.0,750.0
2018-05-30 11:14:54.680323,1023.0,2.5,0.0,12000.0,0.0,750.0
2018-05-30 11:14:54.881303,1023.0,2.5,0.0,12000.0,0.0,750.0
2018-05-30 11:14:55.082282,1023.0,2.5,0.0,12000.0,0.0,750.0
2018-05-30 11:14:55.283262,1023.0,2.5,0.0,12000.0,0.0,750.0
2018-05-30 11:14:55.484242,1023.0,2.5,0.0,12000.0,0.0,750.0
2018-05-30 11:14:55.690222,1023.0,2.5,0.0,12000.0,0.0,750.0
2018-05-30 11:14:55.886202,1023.0,2.5,0.0,12000.0,0.0,750.0
2018-05-30 11:14:56.087182,1023.0,2.5,0.0,12000.0,0.0,750.0
2018-05-30 11:14:56.288162,1023.0,2.5,0.0,12000.0,0.0,750.0
2018-05-30 11:14:56.490142,1023.0,2.5,0.0,12000.0,0.0,750.0
2018-05-30 11:14:56.690122,1023.0,2.5,0.0,12000.0,0.0,750.0
2018-05-30 11:14:56.891102,1023.0,2.5,0.0,12000.0,0.0,750.0
2018-05-30 11:14:57.092081,1023.0,2.5,0.0,12000.0,0.0,750.0
2018-05-30 11:14:57.293061,1023.0,2.5,0.0,12000.0,0.0,750.0
2018-05-30 11:14:57.495041,1023.0,2.5,0.0,12000.0,0.0,750.0
2018-05-30 11:14:57.696021,1023.0,2.5,0.0,12000.0,0.0,750.0
2018-05-30 11:14:57.899001,1023.0,2.5,0.0,12000.0,0.0,750.0
2018-05-30 11:14:58.097981,1023.0,2.5,0.0,12000.0,0.0,750.0
2018-05-30 11:14:58.299961,1023.0,2.5,0.0,12000.0,0.0,750.0
2018-05-30 11:14:58.499941,1023.0,2.5,0.0,12000.0,0.0,750.0
2018-05-30 11:14:58.701920,1023.0,2.5,0.0,12000.0,0.0,750.0
2018-05-30 11:14:58.902900,1023.0,2.5,0.0,12000.0,0.0,750.0
2018-05-30 11:14:59.104880,1023.0,2.5,0.0,12000.0,0.0,750.0
2018-05-30 11:14:59.306860,1023.0,2.5,0.0,12000.0,0.0,750.0
2018-05-30 11:14:59.507840,1023.0,2.5,0.0,12000.0,0.0,750.0
2018-05-30 11:14:59.708820,1023.0,2.5,0.0,12000.0,0.0,750.0
2018-05-30 11:14:59.913799,1023.0,2.5,0.0,12000.0,0.0,750.0
2018-05-30 11:15:00.110780,1023.0,2.5,0.0,12000.0,0.0,750.0
2018-05-30 11:15:00.311759,1023.0,2.5,0.0,12000.0,0.0,750.0
2018-05-30 11:15:00.512739,1023.0,2.5,0.0,12000.0,0.0,750.0
2018-05-30 11:15:00.713719,1023.0,2.5,0.0,12000.0,0.0,750.0
2018-05-30 11:15:00.914699,1023.0,2.5,0.0,12000.0,0.0,750.0
2018-05-30 11:15:01.116679,1023.0,2.5,0.0,12000.0,0.0,750.0
2018-05-30 11:15:01.321658,1023.0,2.5,0.0,12000.0,0.0,750.0
2018-05-30 11:15:01.519639,1023.0,2.5,0.0,12000.0,0.0,750.0
2018-05-30 11:15:01.731617,1023.0,2.5,0.0,12000.0,0.0,750.0
2018-05-30 11:15:01.933597,1023.0,2.5,0.0,12000.0,0.0,750.0
2018-05-30 11:15:02.135577,1023.0,2.5,0.0,12000.0,0.0,750.0
2018-05-30 11:15:02.338557,1023.0,2.5,0.0,12000.0,0.0,750.0
2018-05-30 11:15:02.539537,1023.0,2.5,0.0,12000.0,0.0,750.0
2018-05-30 11:15:02.740517,1023.0,2.5,0.0,12000.0,0.0,750.0
2018-05-30 11:15:02.941496,1023.0,2.5,0.0,12000.0,0.0,750.0
2018-05-30 11:15:03.145476,1023.0,2.5,0.0,12000.0,0.0,750.0
2018-05-30 11:15:03.343456,1023.0,2.5,0.0,12000.0,0.0,750.0
2018-05-30 11:15:03.546436,1023.0,2.5,0.0,12000.0,0.0,750.0
2018-05-30 11:15:03.747416,1023.0,2.5,0.0,12000.0,0.0,750.0
2018-05-30 11:15:03.948396,1023.0,2.5,0.0,12000.0,0.0,750.0
2018-05-30 11:15:04.149376,1023.0,2.5,0.0,12000.0,0.0,750.0
2018-05-30 11:15:04.351355,1023.0,2.5,0.0,12000.0,0.0,750.0
2018-05-30 11:15:04.552335,1023.0,2.5,0.0,12000.0,0.0,750.0
2018-05-30 11:15:04.753315,1023.0,2.5,0.0,12000.0,0.0,750.0
2018-05-30 11:15:04.961294,1023.0,2.5,0.0,12000.0,0.0,750.0
2018-05-30 11:15:05.162274,1023.0,2.5,0.0,12000.0,0.0,750.0
2018-05-30 11:15:05.363254,1023.0,2.5,0.0,12000.0,0.0,750.0
2018-05-30 11:15:05.564234,1023.0,2.5,0.0,12000.0,0.0,750.0
2018-05-30 11:15:05.765214,1023.0,2.5,0.0,12000.0,0.0,750.0
2018-05-30 11:15:05.966194,1023.0,2.5,0.0,12000.0,0.0,750.0
2018-05-30 11:15:06.168174,1023.0,2.5,0.0,12000.0,0.0,750.0
2018-05-30 11:15:06.369154,1023.0,2.5,0.0,12000.0,0.0,750.0
2018-05-30 11:15:06.571133,1023.0,2.5,0.0,12000.0,0.0,750.0
2018-05-30 11:15:06.773113,1023.0,2.5,0.0,12000.0,0.0,750.0
2018-05-30 11:15:06.975093,1023.0,2.5,0.0,12000.0,0.0,750.0
2018-05-30 11:15:07.176073,1023.0,2.5,0.0,12000.0,0.0,750.0
2018-05-30 11:15:07.377053,1023.0,2.5,0.0,12000.0,0.0,750.0
2018-05-30 11:15:07.578033,1023.0,2.5,0.0,12000.0,0.0,750.0
2018-05-30 11:15:07.784012,1023.0,2.5,0.0,12000.0,0.0,750.0
2018-05-30 11:15:07.979993,1023.0,2.5,0.0,12000.0,0.0,750.0
2018-05-30 11:15:08.180972,1023.0,2.5,0.0,12000.0,0.0,750.0
2018-05-30 11:15:08.382952,1023.0,2.5,0.0,12000.0,0.0,750.0
2018-05-30 11:15:08.584932,1023.0,2.5,0.0,12000.0,0.0,750.0
2018-05-30 11:15:08.785912,1023.0,2.5,0.0,12000.0,0.0,750.0
2018-05-30 11:15:08.988892,1023.0,2.5,0.0,12000.0,0.0,750.0
2018-05-30 11:15:09.196871,1023.0,2.5,0.0,12000.0,0.0,750.0
2018-05-30 11:15:09.397851,1023.0,2.5,0.0,12000.0,0.0,750.0
2018-05-30 11:15:09.599831,1023.0,2.5,0.0,12000.0,0.0,750.0
2018-05-30 11:15:09.801810,1023.0,2.5,0.0,12000.0,0.0,750.0
2018-05-30 11:15:10.002790,1023.0,2.5,0.0,12000.0,0.0,750.0
2018-05-30 11:15:10.203770,1023.0,2.5,0.0,12000.0,0.0,750.0
2018-05-30 11:15:10.407750,1023.0,2.5,0.0,12000.0,0.0,750.0
2018-05-30 11:15:10.606730,1023.0,2.5,0.0,12000.0,0.0,750.0
2018-05-30 11:15:10.807710,1023.0,2.5,0.0,12000.0,0.0,750.0
2018-05-30 11:15:11.008690,1023.0,2.5,0.0,12000.0,0.0,750.0
2018-05-30 11:15:11.209670,1023.0,2.5,0.0,12000.0,0.0,750.0
2018-05-30 11:15:11.410649,1023.0,2.5,0.0,12000.0,0.0,750.0
2018-05-30 11:15:11.611629,1023.0,2.5,0.0,12000.0,0.0,750.0
2018-05-30 11:15:11.815609,1023.0,2.5,0.0,12000.0,0.0,750.0
2018-05-30 11:15:12.015589,1023.0,2.5,0.0,12000.0,0.0,750.0
2018-05-30 11:15:12.216569,1023.0,2.5,0.0,12000.0,0.0,750.0
2018-05-30 11:15:12.417549,1023.0,2.5,0.0,12000.0,0.0,750.0
2018-05-30 11:15:12.619529,1023.0,2.5,0.0,12000.0,0.0,750.0
2018-05-30 11:15:12.820508,1023.0,2.5,0.0,12000.0,0.0,750.0
2018-05-30 11:15:13.021488,1023.0,2.5,0.0,12000.0,0.0,750.0
2018-05-30 11:15:13.223468,1023.0,2.5,0.0,12000.0,0.0,750.0
2018-05-30 11:15:13.426448,1023.0,2.5,0.0,12000.0,0.0,750.0
2018-05-30 11:15:13.627428,1023.0,2.5,0.0,12000.0,0.0,750.0
2018-05-30 11:15:13.831407,1023.0,2.5,0.0,12000.0,0.0,750.0
2018-05-30 11:15:14.030387,1023.0,2.5,0.0,12000.0,0.0,750.0
2018-05-30 11:15:14.232367,1023.0,2.5,0.0,12000.0,0.0,750.0
2018-05-30 11:15:14.433347,1023.0,2.5,0.0,12000.0,0.0,750.0
2018-05-30 11:15:14.634327,1023.0,2.5,0.0,12000.0,0.0,750.0
2018-05-30 11:15:14.835307,1023.0,2.5,0.0,12000.0,0.0,750.0
2018-05-30 11:15:15.037287,1023.0,2.5,0.0,12000.0,0.0,750.0
2018-05-30 11:15:15.239267,1023.0,2.5,0.0,12000.0,0.0,750.0
2018-05-30 11:15:15.439247,1023.0,2.5,0.0,12000.0,0.0,750.0
2018-05-30 11:15:15.640226,1023.0,2.5,0.0,12000.0,0.0,750.0
2018-05-30 11:15:15.841206,1023.0,2.5,0.0,12000.0,0.0,750.0
2018-05-30 11:15:16.043186,1023.0,2.5,0.0,12000.0,0.0,750.0
2018-05-30 11:15:16.244166,1023.0,2.5,0.0,12000.0,0.0,750.0
2018-05-30 11:15:16.445146,1023.0,2.5,0.0,12000.0,0.0,750.0
2018-05-30 11:15:16.647126,1023.0,2.5,0.0,12000.0,0.0,750.0
2018-05-30 11:15:16.848106,1023.0,2.5,0.0,12000.0,0.0,750.0
2018-05-30 11:15:17.050085,1023.0,2.5,0.0,12000.0,0.0,750.0
2018-05-30 11:15:17.255065,1023.0,2.5,0.0,12000.0,0.0,750.0
2018-05-30 11:15:17.452045,1023.0,2.5,0.0,12000.0,0.0,750.0
2018-05-30 11:15:17.656025,1023.0,2.5,0.0,12000.0,0.0,750.0
2018-05-30 11:15:17.857005,1023.0,2.5,0.0,12000.0,0.0,750.0
2018-05-30 11:15:18.057985,1023.0,2.5,0.0,12000.0,0.0,750.0
2018-05-30 11:15:18.258965,1023.0,2.5,0.0,12000.0,0.0,750.0
2018-05-30 11:15:18.459944,1023.0,2.5,0.0,12000.0,0.0,750.0
2018-05-30 11:15:18.662924,1023.0,2.5,0.0,12000.0,0.0,750.0
2018-05-30 11:15:18.887902,1023.0,2.5,0.0,12000.0,0.0,750.0
2018-05-30 11:15:19.088882,1023.0,2.5,0.0,12000.0,0.0,750.0
2018-05-30 11:15:19.289861,1023.0,2.5,0.0,12000.0,0.0,750.0
2018-05-30 11:15:19.494841,1023.0,2.5,0.0,12000.0,0.0,750.0
2018-05-30 11:15:19.691821,1023.0,2.5,0.0,12000.0,0.0,750.0
2018-05-30 11:15:19.892801,1023.0,2.5,0.0,12000.0,0.0,750.0
2018-05-30 11:15:20.093781,1023.0,2.5,0.0,12000.0,0.0,750.0
2018-05-30 11:15:20.295761,1023.0,2.5,0.0,12000.0,0.0,750.0
2018-05-30 11:15:20.496741,1023.0,2.5,0.0,12000.0,0.0,750.0
2018-05-30 11:15:20.697721,1023.0,2.5,0.0,12000.0,0.0,750.0
2018-05-30 11:15:20.902700,1023.0,2.5,0.0,12000.0,0.0,750.0
2018-05-30 11:15:21.099680,1023.0,2.5,0.0,12000.0,0.0,750.0
2018-05-30 11:15:21.300660,1023.0,2.5,0.0,12000.0,0.0,750.0
2018-05-30 11:15:21.501640,1023.0,2.5,0.0,12000.0,0.0,750.0
2018-05-30 11:15:21.702620,1023.0,2.5,0.0,12000.0,0.0,750.0
2018-05-30 11:15:21.905600,1023.0,2.5,0.0,12000.0,0.0,750.0
2018-05-30 11:15:22.107580,1023.0,2.5,0.0,12000.0,0.0,750.0
2018-05-30 11:15:22.309559,1023.0,2.5,0.0,12000.0,0.0,750.0
2018-05-30 11:15:22.509539,1023.0,2.5,0.0,12000.0,0.0,750.0
2018-05-30 11:15:22.710519,1023.0,2.5,0.0,12000.0,0.0,750.0
2018-05-30 11:15:22.912499,1023.0,2.5,0.0,12000.0,0.0,750.0
2018-05-30 11:15:23.113479,1023.0,2.5,0.0,12000.0,0.0,750.0
2018-05-30 11:15:23.314459,1023.0,2.5,0.0,12000.0,0.0,750.0
2018-05-30 11:15:23.515439,1023.0,2.5,0.0,12000.0,0.0,750.0
2018-05-30 11:15:23.717419,1023.0,2.5,0.0,12000.0,0.0,750.0
2018-05-30 11:15:23.917399,1023.0,2.5,0.0,12000.0,0.0,750.0
2018-05-30 11:15:24.120378,1023.0,2.5,0.0,12000.0,0.0,750.0
2018-05-30 11:15:24.325358,1023.0,2.5,0.0,12000.0,0.0,750.0
2018-05-30 11:15:24.522338,1023.0,2.5,0.0,12000.0,0.0,750.0
2018-05-30 11:15:24.723318,1023.0,2.5,0.0,12000.0,0.0,750.0
2018-05-30 11:15:24.924298,1023.0,2.5,0.0,12000.0,0.0,750.0
2018-05-30 11:15:25.125278,1023.0,2.5,0.0,12000.0,0.0,750.0
2018-05-30 11:15:25.326258,1023.0,2.5,0.0,12000.0,0.0,750.0
2018-05-30 11:15:25.527238,1023.0,2.5,0.0,12000.0,0.0,750.0
2018-05-30 11:15:25.733217,1023.0,2.5,0.0,12000.0,0.0,750.0
2018-05-30 11:15:25.931197,1023.0,2.5,0.0,12000.0,0.0,750.0
2018-05-30 11:15:26.134177,1023.0,2.5,0.0,12000.0,0.0,750.0
2018-05-30 11:15:26.335157,1023.0,2.5,0.0,12000.0,0.0,750.0
2018-05-30 11:15:26.536137,1023.0,2.5,0.0,12000.0,0.0,750.0
2018-05-30 11:15:26.737117,1023.0,2.5,0.0,12000.0,0.0,750.0
2018-05-30 11:15:26.938097,1023.0,2.5,0.0,12000.0,0.0,750.0
2018-05-30 11:15:27.141076,1023.0,2.5,0.0,12000.0,0.0,750.0
2018-05-30 11:15:27.340056,1023.0,2.5,0.0,12000.0,0.0,750.0
2018-05-30 11:15:27.541036,1023.0,2.5,0.0,12000.0,0.0,750.0
2018-05-30 11:15:27.742016,1023.0,2.5,0.0,12000.0,0.0,750.0
2018-05-30 11:15:27.943996,1023.0,2.5,0.0,12000.0,0.0,750.0
2018-05-30 11:15:28.144976,1023.0,2.5,0.0,12000.0,0.0,750.0
2018-05-30 11:15:28.345956,1023.0,2.5,0.0,12000.0,0.0,750.0
2018-05-30 11:15:28.548935,1023.0,2.5,0.0,12000.0,0.0,750.0
2018-05-30 11:15:28.747916,1023.0,2.5,0.0,12000.0,0.0,750.0
2018-05-30 11:15:28.963894,1023.0,2.5,0.0,12000.0,0.0,750.0
2018-05-30 11:15:29.164874,1023.0,2.5,0.0,12000.0,0.0,750.0
2018-05-30 11:15:29.366854,1023.0,2.5,0.0,12000.0,0.0,750.0
2018-05-30 11:15:29.572833,1023.0,2.5,0.0,12000.0,0.0,750.0
2018-05-30 11:15:29.768813,1023.0,2.5,0.0,12000.0,0.0,750.0
2018-05-30 11:15:29.971793,1023.0,2.5,0.0,12000.0,0.0,750.0
2018-05-30 11:15:30.172773,1023.0,2.5,0.0,12000.0,0.0,750.0
2018-05-30 11:15:30.379752,1023.0,2.5,0.0,12000.0,0.0,750.0
2018-05-30 11:15:30.580732,1023.0,2.5,0.0,12000.0,0.0,750.0
2018-05-30 11:15:30.782712,1023.0,2.5,0.0,12000.0,0.0,750.0
2018-05-30 11:15:30.983692,1023.0,2.5,0.0,12000.0,0.0,750.0
2018-05-30 11:15:31.184672,1023.0,2.5,0.0,12000.0,0.0,750.0
2018-05-30 11:15:31.385652,1023.0,2.5,0.0,12000.0,0.0,750.0
2018-05-30 11:15:31.588631,1023.0,2.5,0.0,12000.0,0.0,750.0
2018-05-30 11:15:31.787612,1023.0,2.5,0.0,12000.0,0.0,750.0
2018-05-30 11:15:31.991591,1023.0,2.5,0.0,12000.0,0.0,750.0
2018-05-30 11:15:32.196571,1023.0,2.5,0.0,12000.0,0.0,750.0
2018-05-30 11:15:32.394551,1023.0,2.5,0.0,12000.0,0.0,750.0
2018-05-30 11:15:32.595531,1023.0,2.5,0.0,12000.0,0.0,750.0
2018-05-30 11:15:32.797511,1023.0,2.5,0.0,12000.0,0.0,750.0
2018-05-30 11:15:32.998490,1023.0,2.5,0.0,12000.0,0.0,750.0
2018-05-30 11:15:33.199470,1023.0,2.5,0.0,12000.0,0.0,750.0
2018-05-30 11:15:33.400450,1023.0,2.5,0.0,12000.0,0.0,750.0
2018-05-30 11:15:33.604430,1023.0,2.5,0.0,12000.0,0.0,750.0
2018-05-30 11:15:33.802410,1023.0,2.5,0.0,12000.0,0.0,750.0
2018-05-30 11:15:34.003390,1023.0,2.5,0.0,12000.0,0.0,750.0
2018-05-30 11:15:34.204370,1023.0,2.5,0.0,12000.0,0.0,750.0
2018-05-30 11:15:34.405350,1023.0,2.5,0.0,12000.0,0.0,750.0
2018-05-30 11:15:34.609329,1023.0,2.5,0.0,12000.0,0.0,750.0
2018-05-30 11:15:34.810309,1023.0,2.5,0.0,12000.0,0.0,750.0
2018-05-30 11:15:35.013289,1023.0,2.5,0.0,12000.0,0.0,750.0
2018-05-30 11:15:35.213269,1023.0,2.5,0.0,12000.0,0.0,750.0
2018-05-30 11:15:35.414249,1023.0,2.5,0.0,12000.0,0.0,750.0
2018-05-30 11:15:35.620228,1023.0,2.5,0.0,12000.0,0.0,750.0
2018-05-30 11:15:35.816209,1023.0,2.5,0.0,12000.0,0.0,750.0
2018-05-30 11:15:36.017189,1023.0,2.5,0.0,12000.0,0.0,750.0
2018-05-30 11:15:36.218168,1023.0,2.5,0.0,12000.0,0.0,750.0
2018-05-30 11:15:36.420148,1023.0,2.5,0.0,12000.0,0.0,750.0
2018-05-30 11:15:36.620128,1023.0,2.5,0.0,12000.0,0.0,750.0
2018-05-30 11:15:36.821108,1023.0,2.5,0.0,12000.0,0.0,750.0
2018-05-30 11:15:37.022088,1023.0,2.5,0.0,12000.0,0.0,750.0
2018-05-30 11:15:37.223068,1023.0,2.5,0.0,12000.0,0.0,750.0
2018-05-30 11:15:37.425048,1023.0,2.5,0.0,12000.0,0.0,750.0
2018-05-30 11:15:37.626028,1023.0,2.5,0.0,12000.0,0.0,750.0
2018-05-30 11:15:37.827008,1023.0,2.5,0.0,12000.0,0.0,750.0
2018-05-30 11:15:38.027987,1023.0,2.5,0.0,12000.0,0.0,750.0
2018-05-30 11:15:38.229967,1023.0,2.5,0.0,12000.0,0.0,750.0
2018-05-30 11:15:38.436947,1023.0,2.5,0.0,12000.0,0.0,750.0
2018-05-30 11:15:38.633927,1023.0,2.5,0.0,12000.0,0.0,750.0
2018-05-30 11:15:38.837906,1023.0,2.5,0.0,12000.0,0.0,750.0
2018-05-30 11:15:39.043886,1023.0,2.5,0.0,12000.0,0.0,750.0
2018-05-30 11:15:39.240866,1023.0,2.5,0.0,12000.0,0.0,750.0
2018-05-30 11:15:39.441846,1023.0,2.5,0.0,12000.0,0.0,750.0
2018-05-30 11:15:39.642826,1023.0,2.5,0.0,12000.0,0.0,750.0
2018-05-30 11:15:39.843806,1023.0,2.5,0.0,12000.0,0.0,750.0
2018-05-30 11:15:40.045786,1023.0,2.5,0.0,12000.0,0.0,750.0
2018-05-30 11:15:40.246766,1023.0,2.5,0.0,12000.0,0.0,750.0
2018-05-30 11:15:40.450745,1023.0,2.5,0.0,12000.0,0.0,750.0
2018-05-30 11:15:40.648725,1023.0,2.5,0.0,12000.0,0.0,750.0
2018-05-30 11:15:40.849705,1023.0,2.5,0.0,12000.0,0.0,750.0
2018-05-30 11:15:41.050685,1023.0,2.5,0.0,12000.0,0.0,750.0
2018-05-30 11:15:41.251665,1023.0,2.5,0.0,12000.0,0.0,750.0
2018-05-30 11:15:41.452645,1023.0,2.5,0.0,12000.0,0.0,750.0
2018-05-30 11:15:41.653625,1023.0,2.5,0.0,12000.0,0.0,750.0
2018-05-30 11:15:41.858604,1023.0,2.5,0.0,12000.0,0.0,750.0
2018-05-30 11:15:42.055585,1023.0,2.5,0.0,12000.0,0.0,750.0
2018-05-30 11:15:42.256565,1023.0,2.5,0.0,12000.0,0.0,750.0
2018-05-30 11:15:42.457544,1023.0,2.5,0.0,12000.0,0.0,750.0
2018-05-30 11:15:42.658524,1023.0,2.5,0.0,12000.0,0.0,750.0
2018-05-30 11:15:42.859504,1023.0,2.5,0.0,12000.0,0.0,750.0
2018-05-30 11:15:43.062484,1023.0,2.5,0.0,12000.0,0.0,750.0
2018-05-30 11:15:43.266464,1023.0,2.5,0.0,12000.0,0.0,750.0
2018-05-30 11:15:43.467443,1023.0,2.5,0.0,12000.0,0.0,750.0
2018-05-30 11:15:43.669423,1023.0,2.5,0.0,12000.0,0.0,750.0
2018-05-30 11:15:43.874403,1023.0,2.5,0.0,12000.0,0.0,750.0
2018-05-30 11:15:44.071383,1023.0,2.5,0.0,12000.0,0.0,750.0
2018-05-30 11:15:44.272363,1023.0,2.5,0.0,12000.0,0.0,750.0
2018-05-30 11:15:44.473343,1023.0,2.5,0.0,12000.0,0.0,750.0
2018-05-30 11:15:44.674323,1023.0,2.5,0.0,12000.0,0.0,750.0
2018-05-30 11:15:44.878302,1023.0,2.5,0.0,12000.0,0.0,750.0
2018-05-30 11:15:45.080282,1023.0,2.5,0.0,12000.0,0.0,750.0
2018-05-30 11:15:45.282262,1023.0,2.5,0.0,12000.0,0.0,750.0
2018-05-30 11:15:45.483242,1023.0,2.5,0.0,12000.0,0.0,750.0
2018-05-30 11:15:45.684222,1023.0,2.5,0.0,12000.0,0.0,750.0
2018-05-30 11:15:45.891201,1023.0,2.5,0.0,12000.0,0.0,750.0
2018-05-30 11:15:46.086182,1023.0,2.5,0.0,12000.0,0.0,750.0
2018-05-30 11:15:46.287161,1023.0,2.5,0.0,12000.0,0.0,750.0
2018-05-30 11:15:46.489141,1023.0,2.5,0.0,12000.0,0.0,750.0
2018-05-30 11:15:46.690121,1023.0,2.5,0.0,12000.0,0.0,750.0
2018-05-30 11:15:46.891101,1023.0,2.5,0.0,12000.0,0.0,750.0
2018-05-30 11:15:47.093081,1023.0,2.5,0.0,12000.0,0.0,750.0
2018-05-30 11:15:47.298060,1023.0,2.5,0.0,12000.0,0.0,750.0
2018-05-30 11:15:47.498040,1023.0,2.5,0.0,12000.0,0.0,750.0
2018-05-30 11:15:47.699020,1023.0,2.5,0.0,12000.0,0.0,750.0
2018-05-30 11:15:47.900000,1023.0,2.5,0.0,12000.0,0.0,750.0
2018-05-30 11:15:48.100980,1023.0,2.5,0.0,12000.0,0.0,750.0
2018-05-30 11:15:48.301960,1023.0,2.5,0.0,12000.0,0.0,750.0
2018-05-30 11:15:48.502940,1023.0,2.5,0.0,12000.0,0.0,750.0
2018-05-30 11:15:48.705920,1023.0,2.5,0.0,12000.0,0.0,750.0
2018-05-30 11:15:48.916898,1023.0,2.5,0.0,12000.0,0.0,750.0
2018-05-30 11:15:49.121878,1023.0,2.5,0.0,12000.0,0.0,750.0
2018-05-30 11:15:49.318858,1023.0,2.5,0.0,12000.0,0.0,750.0
2018-05-30 11:15:49.519838,1023.0,2.5,0.0,12000.0,0.0,750.0
2018-05-30 11:15:49.720818,1023.0,2.5,0.0,12000.0,0.0,750.0
2018-05-30 11:15:49.921798,1023.0,2.5,0.0,12000.0,0.0,750.0
2018-05-30 11:15:50.122778,1023.0,2.5,0.0,12000.0,0.0,750.0
2018-05-30 11:15:50.324758,1023.0,2.5,0.0,12000.0,0.0,750.0
2018-05-30 11:15:50.529737,1023.0,2.5,0.0,12000.0,0.0,750.0
2018-05-30 11:15:50.726717,1023.0,2.5,0.0,12000.0,0.0,750.0
2018-05-30 11:15:50.927697,1023.0,2.5,0.0,12000.0,0.0,750.0
2018-05-30 11:15:51.128677,1023.0,2.5,0.0,12000.0,0.0,750.0
2018-05-30 11:15:51.329657,1023.0,2.5,0.0,12000.0,0.0,750.0
2018-05-30 11:15:51.532637,1023.0,2.5,0.0,12000.0,0.0,750.0
2018-05-30 11:15:51.734617,1023.0,2.5,0.0,12000.0,0.0,750.0
2018-05-30 11:15:51.937596,1023.0,2.5,0.0,12000.0,0.0,750.0
2018-05-30 11:15:52.136576,1023.0,2.5,0.0,12000.0,0.0,750.0
2018-05-30 11:15:52.337556,1023.0,2.5,0.0,12000.0,0.0,750.0
2018-05-30 11:15:52.538536,1023.0,2.5,0.0,12000.0,0.0,750.0
2018-05-30 11:15:52.739516,1023.0,2.5,0.0,12000.0,0.0,750.0
2018-05-30 11:15:52.940496,1023.0,2.5,0.0,12000.0,0.0,750.0
2018-05-30 11:15:53.143476,1023.0,2.5,0.0,12000.0,0.0,750.0
2018-05-30 11:15:53.345456,1023.0,2.5,0.0,12000.0,0.0,750.0
2018-05-30 11:15:53.546435,1023.0,2.5,0.0,12000.0,0.0,750.0
2018-05-30 11:15:53.747415,1023.0,2.5,0.0,12000.0,0.0,750.0
2018-05-30 11:15:53.953395,1023.0,2.5,0.0,12000.0,0.0,750.0
2018-05-30 11:15:54.149375,1023.0,2.5,0.0,12000.0,0.0,750.0
2018-05-30 11:15:54.350355,1023.0,2.5,0.0,12000.0,0.0,750.0
2018-05-30 11:15:54.551335,1023.0,2.5,0.0,12000.0,0.0,750.0
2018-05-30 11:15:54.753315,1023.0,2.5,0.0,12000.0,0.0,750.0
2018-05-30 11:15:54.953295,1023.0,2.5,0.0,12000.0,0.0,750.0
2018-05-30 11:15:55.154275,1023.0,2.5,0.0,12000.0,0.0,750.0
2018-05-30 11:15:55.355255,1023.0,2.5,0.0,12000.0,0.0,750.0
2018-05-30 11:15:55.556234,1023.0,2.5,0.0,12000.0,0.0,750.0
2018-05-30 11:15:55.759214,1023.0,2.5,0.0,12000.0,0.0,750.0
2018-05-30 11:15:55.961194,1023.0,2.5,0.0,12000.0,0.0,750.0
2018-05-30 11:15:56.162174,1023.0,2.5,0.0,12000.0,0.0,750.0
2018-05-30 11:15:56.363154,1023.0,2.5,0.0,12000.0,0.0,750.0
2018-05-30 11:15:56.564134,1023.0,2.5,0.0,12000.0,0.0,750.0
2018-05-30 11:15:56.768113,1023.0,2.5,0.0,12000.0,0.0,750.0
2018-05-30 11:15:56.968093,1023.0,2.5,0.0,12000.0,0.0,750.0
2018-05-30 11:15:57.170073,1023.0,2.5,0.0,12000.0,0.0,750.0
2018-05-30 11:15:57.376052,1023.0,2.5,0.0,12000.0,0.0,750.0
2018-05-30 11:15:57.572033,1023.0,2.5,0.0,12000.0,0.0,750.0
2018-05-30 11:15:57.773013,1023.0,2.5,0.0,12000.0,0.0,750.0
2018-05-30 11:15:57.973993,1023.0,2.5,0.0,12000.0,0.0,750.0
2018-05-30 11:15:58.175972,1023.0,2.5,0.0,12000.0,0.0,750.0
2018-05-30 11:15:58.375952,1023.0,2.5,0.0,12000.0,0.0,750.0
2018-05-30 11:15:58.578932,1023.0,2.5,0.0,12000.0,0.0,750.0
2018-05-30 11:15:58.783912,1023.0,2.5,0.0,12000.0,0.0,750.0
2018-05-30 11:15:58.983892,1023.0,2.5,0.0,12000.0,0.0,750.0
2018-05-30 11:15:59.184872,1023.0,2.5,0.0,12000.0,0.0,750.0
2018-05-30 11:15:59.385851,1023.0,2.5,0.0,12000.0,0.0,750.0
2018-05-30 11:15:59.586831,1023.0,2.5,0.0,12000.0,0.0,750.0
2018-05-30 11:15:59.787811,1023.0,2.5,0.0,12000.0,0.0,750.0
2018-05-30 11:15:59.990791,1023.0,2.5,0.0,12000.0,0.0,750.0
2018-05-30 11:16:00.191771,1023.0,2.5,0.0,12000.0,0.0,750.0
2018-05-30 11:16:00.392751,1023.0,2.5,0.0,12000.0,0.0,750.0
2018-05-30 11:16:00.594731,1023.0,2.5,0.0,12000.0,0.0,750.0
2018-05-30 11:16:00.799710,1023.0,2.5,0.0,12000.0,0.0,750.0
2018-05-30 11:16:00.996690,1023.0,2.5,0.0,12000.0,0.0,750.0
2018-05-30 11:16:01.198670,1023.0,2.5,0.0,12000.0,0.0,750.0
2018-05-30 11:16:01.399650,1023.0,2.5,0.0,12000.0,0.0,750.0
2018-05-30 11:16:01.601630,1023.0,2.5,0.0,12000.0,0.0,750.0
2018-05-30 11:16:01.802610,1023.0,2.5,0.0,12000.0,0.0,750.0
2018-05-30 11:16:02.005589,1023.0,2.5,0.0,12000.0,0.0,750.0
2018-05-30 11:16:02.208569,1023.0,2.5,0.0,12000.0,0.0,750.0
2018-05-30 11:16:02.407549,1023.0,2.5,0.0,12000.0,0.0,750.0
2018-05-30 11:16:02.608529,1023.0,2.5,0.0,12000.0,0.0,750.0
2018-05-30 11:16:02.809509,1023.0,2.5,0.0,12000.0,0.0,750.0
2018-05-30 11:16:03.010489,1023.0,2.5,0.0,12000.0,0.0,750.0
2018-05-30 11:16:03.211469,1023.0,2.5,0.0,12000.0,0.0,750.0
2018-05-30 11:16:03.413449,1023.0,2.5,0.0,12000.0,0.0,750.0
2018-05-30 11:16:03.614429,1023.0,2.5,0.0,12000.0,0.0,750.0
2018-05-30 11:16:03.815408,1023.0,2.5,0.0,12000.0,0.0,750.0
2018-05-30 11:16:04.016388,1023.0,2.5,0.0,12000.0,0.0,750.0
2018-05-30 11:16:04.217368,1023.0,2.5,0.0,12000.0,0.0,750.0
2018-05-30 11:16:04.418348,1023.0,2.5,0.0,12000.0,0.0,750.0
2018-05-30 11:16:04.623328,1023.0,2.5,0.0,12000.0,0.0,750.0
2018-05-30 11:16:04.820308,1023.0,2.5,0.0,12000.0,0.0,750.0
2018-05-30 11:16:05.021288,1023.0,2.5,0.0,12000.0,0.0,750.0
2018-05-30 11:16:05.222268,1023.0,2.5,0.0,12000.0,0.0,750.0
2018-05-30 11:16:05.423248,1023.0,2.5,0.0,12000.0,0.0,750.0
2018-05-30 11:16:05.624228,1023.0,2.5,0.0,12000.0,0.0,750.0
2018-05-30 11:16:05.828207,1023.0,2.5,0.0,12000.0,0.0,750.0
2018-05-30 11:16:06.031187,1023.0,2.5,0.0,12000.0,0.0,750.0
2018-05-30 11:16:06.230167,1023.0,2.5,0.0,12000.0,0.0,750.0
2018-05-30 11:16:06.431147,1023.0,2.5,0.0,12000.0,0.0,750.0
2018-05-30 11:16:06.639126,1023.0,2.5,0.0,12000.0,0.0,750.0
2018-05-30 11:16:06.836106,1023.0,2.5,0.0,12000.0,0.0,750.0
2018-05-30 11:16:07.037086,1023.0,2.5,0.0,12000.0,0.0,750.0
2018-05-30 11:16:07.239066,1023.0,2.5,0.0,12000.0,0.0,750.0
2018-05-30 11:16:07.440046,1023.0,2.5,0.0,12000.0,0.0,750.0
2018-05-30 11:16:07.641026,1023.0,2.5,0.0,12000.0,0.0,750.0
2018-05-30 11:16:07.842006,1023.0,2.5,0.0,12000.0,0.0,750.0
2018-05-30 11:16:08.046985,1023.0,2.5,0.0,12000.0,0.0,750.0
2018-05-30 11:16:08.243966,1023.0,2.5,0.0,12000.0,0.0,750.0
2018-05-30 11:16:08.448945,1023.0,2.5,0.0,12000.0,0.0,750.0
2018-05-30 11:16:08.654924,1023.0,2.5,0.0,12000.0,0.0,750.0
2018-05-30 11:16:08.850905,1023.0,2.5,0.0,12000.0,0.0,750.0
2018-05-30 11:16:09.061884,1023.0,2.5,0.0,12000.0,0.0,750.0
2018-05-30 11:16:09.262864,1023.0,2.5,0.0,12000.0,0.0,750.0
2018-05-30 11:16:09.463844,1023.0,2.5,0.0,12000.0,0.0,750.0
2018-05-30 11:16:09.664823,1023.0,2.5,0.0,12000.0,0.0,750.0
2018-05-30 11:16:09.870803,1023.0,2.5,0.0,12000.0,0.0,750.0
2018-05-30 11:16:10.066783,1023.0,2.5,0.0,12000.0,0.0,750.0
2018-05-30 11:16:10.268763,1023.0,2.5,0.0,12000.0,0.0,750.0
2018-05-30 11:16:10.469743,1023.0,2.5,0.0,12000.0,0.0,750.0
2018-05-30 11:16:10.670723,1023.0,2.5,0.0,12000.0,0.0,750.0
2018-05-30 11:16:10.871703,1023.0,2.5,0.0,12000.0,0.0,750.0
2018-05-30 11:16:11.072683,1023.0,2.5,0.0,12000.0,0.0,750.0
2018-05-30 11:16:11.278662,1023.0,2.5,0.0,12000.0,0.0,750.0
2018-05-30 11:16:11.475642,1023.0,2.5,0.0,12000.0,0.0,750.0
2018-05-30 11:16:11.676622,1023.0,2.5,0.0,12000.0,0.0,750.0
2018-05-30 11:16:11.879602,1023.0,2.5,0.0,12000.0,0.0,750.0
2018-05-30 11:16:12.080582,1023.0,2.5,0.0,12000.0,0.0,750.0
2018-05-30 11:16:12.282562,1023.0,2.5,0.0,12000.0,0.0,750.0
2018-05-30 11:16:12.483542,1023.0,2.5,0.0,12000.0,0.0,750.0
2018-05-30 11:16:12.691521,1023.0,2.5,0.0,12000.0,0.0,750.0
2018-05-30 11:16:12.892501,1023.0,2.5,0.0,12000.0,0.0,750.0
2018-05-30 11:16:13.093481,1023.0,2.5,0.0,12000.0,0.0,750.0
2018-05-30 11:16:13.297460,1023.0,2.5,0.0,12000.0,0.0,750.0
2018-05-30 11:16:13.498440,1023.0,2.5,0.0,12000.0,0.0,750.0
2018-05-30 11:16:13.700420,1023.0,2.5,0.0,12000.0,0.0,750.0
2018-05-30 11:16:13.902400,1023.0,2.5,0.0,12000.0,0.0,750.0
2018-05-30 11:16:14.102380,1023.0,2.5,0.0,12000.0,0.0,750.0
2018-05-30 11:16:14.303360,1023.0,2.5,0.0,12000.0,0.0,750.0
2018-05-30 11:16:14.509339,1023.0,2.5,0.0,12000.0,0.0,750.0
2018-05-30 11:16:14.705319,1023.0,2.5,0.0,12000.0,0.0,750.0
2018-05-30 11:16:14.907299,1023.0,2.5,0.0,12000.0,0.0,750.0
2018-05-30 11:16:15.108279,1023.0,2.5,0.0,12000.0,0.0,750.0
2018-05-30 11:16:15.310259,1023.0,2.5,0.0,12000.0,0.0,750.0
2018-05-30 11:16:15.510239,1023.0,2.5,0.0,12000.0,0.0,750.0
2018-05-30 11:16:15.711219,1023.0,2.5,0.0,12000.0,0.0,750.0
2018-05-30 11:16:15.917198,1023.0,2.5,0.0,12000.0,0.0,750.0
2018-05-30 11:16:16.114178,1023.0,2.5,0.0,12000.0,0.0,750.0
2018-05-30 11:16:16.315158,1023.0,2.5,0.0,12000.0,0.0,750.0
2018-05-30 11:16:16.516138,1023.0,2.5,0.0,12000.0,0.0,750.0
2018-05-30 11:16:16.724117,1023.0,2.5,0.0,12000.0,0.0,750.0
2018-05-30 11:16:16.927097,1023.0,2.5,0.0,12000.0,0.0,750.0
2018-05-30 11:16:17.133077,1023.0,2.5,0.0,12000.0,0.0,750.0
2018-05-30 11:16:17.329057,1023.0,2.5,0.0,12000.0,0.0,750.0
2018-05-30 11:16:17.530037,1023.0,2.5,0.0,12000.0,0.0,750.0
2018-05-30 11:16:17.731017,1023.0,2.5,0.0,12000.0,0.0,750.0
2018-05-30 11:16:17.932997,1023.0,2.5,0.0,12000.0,0.0,750.0
2018-05-30 11:16:18.132977,1023.0,2.5,0.0,12000.0,0.0,750.0
2018-05-30 11:16:18.333956,1023.0,2.5,0.0,12000.0,0.0,750.0
2018-05-30 11:16:18.534936,1023.0,2.5,0.0,12000.0,0.0,750.0
2018-05-30 11:16:18.736916,1023.0,2.5,0.0,12000.0,0.0,750.0
2018-05-30 11:16:18.961894,1023.0,2.5,0.0,12000.0,0.0,750.0
2018-05-30 11:16:19.162874,1023.0,2.5,0.0,12000.0,0.0,750.0
2018-05-30 11:16:19.363853,1023.0,2.5,0.0,12000.0,0.0,750.0
2018-05-30 11:16:19.564833,1023.0,2.5,0.0,12000.0,0.0,750.0
2018-05-30 11:16:19.765813,1023.0,2.5,0.0,12000.0,0.0,750.0
2018-05-30 11:16:19.966793,1023.0,2.5,0.0,12000.0,0.0,750.0
2018-05-30 11:16:20.172773,1023.0,2.5,0.0,12000.0,0.0,750.0
2018-05-30 11:16:20.368753,1023.0,2.5,0.0,12000.0,0.0,750.0
2018-05-30 11:16:20.569733,1023.0,2.5,0.0,12000.0,0.0,750.0
2018-05-30 11:16:20.770713,1023.0,2.5,0.0,12000.0,0.0,750.0
2018-05-30 11:16:20.972693,1023.0,2.5,0.0,12000.0,0.0,750.0
2018-05-30 11:16:21.175672,1023.0,2.5,0.0,12000.0,0.0,750.0
2018-05-30 11:16:21.376652,1023.0,2.5,0.0,12000.0,0.0,750.0
2018-05-30 11:16:21.580632,1023.0,2.5,0.0,12000.0,0.0,750.0
2018-05-30 11:16:21.780612,1023.0,2.5,0.0,12000.0,0.0,750.0
2018-05-30 11:16:21.981592,1023.0,2.5,0.0,12000.0,0.0,750.0
2018-05-30 11:16:22.182572,1023.0,2.5,0.0,12000.0,0.0,750.0
2018-05-30 11:16:22.384551,1023.0,2.5,0.0,12000.0,0.0,750.0
2018-05-30 11:16:22.585531,1023.0,2.5,0.0,12000.0,0.0,750.0
2018-05-30 11:16:22.787511,1023.0,2.5,0.0,12000.0,0.0,750.0
2018-05-30 11:16:22.988491,1023.0,2.5,0.0,12000.0,0.0,750.0
2018-05-30 11:16:23.189471,1023.0,2.5,0.0,12000.0,0.0,750.0
2018-05-30 11:16:23.392451,1023.0,2.5,0.0,12000.0,0.0,750.0
2018-05-30 11:16:23.596430,1023.0,2.5,0.0,12000.0,0.0,750.0
2018-05-30 11:16:23.794410,1023.0,2.5,0.0,12000.0,0.0,750.0
2018-05-30 11:16:23.995390,1023.0,2.5,0.0,12000.0,0.0,750.0
2018-05-30 11:16:24.196370,1023.0,2.5,0.0,12000.0,0.0,750.0
2018-05-30 11:16:24.397350,1023.0,2.5,0.0,12000.0,0.0,750.0
2018-05-30 11:16:24.599330,1023.0,2.5,0.0,12000.0,0.0,750.0
2018-05-30 11:16:24.800310,1023.0,2.5,0.0,12000.0,0.0,750.0
2018-05-30 11:16:25.004289,1023.0,2.5,0.0,12000.0,0.0,750.0
2018-05-30 11:16:25.202270,1023.0,2.5,0.0,12000.0,0.0,750.0
2018-05-30 11:16:25.406249,1023.0,2.5,0.0,12000.0,0.0,750.0
2018-05-30 11:16:25.612229,1023.0,2.5,0.0,12000.0,0.0,750.0
2018-05-30 11:16:25.810209,1023.0,2.5,0.0,12000.0,0.0,750.0
2018-05-30 11:16:26.011189,1023.0,2.5,0.0,12000.0,0.0,750.0
2018-05-30 11:16:26.213168,1023.0,2.5,0.0,12000.0,0.0,750.0
2018-05-30 11:16:26.414148,1023.0,2.5,0.0,12000.0,0.0,750.0
2018-05-30 11:16:26.615128,1023.0,2.5,0.0,12000.0,0.0,750.0
2018-05-30 11:16:26.816108,1023.0,2.5,0.0,12000.0,0.0,750.0
2018-05-30 11:16:27.020088,1023.0,2.5,0.0,12000.0,0.0,750.0
2018-05-30 11:16:27.218068,1023.0,2.5,0.0,12000.0,0.0,750.0
2018-05-30 11:16:27.419048,1023.0,2.5,0.0,12000.0,0.0,750.0
2018-05-30 11:16:27.620028,1023.0,2.5,0.0,12000.0,0.0,750.0
2018-05-30 11:16:27.821008,1023.0,2.5,0.0,12000.0,0.0,750.0
2018-05-30 11:16:28.021988,1023.0,2.5,0.0,12000.0,0.0,750.0
2018-05-30 11:16:28.223967,1023.0,2.5,0.0,12000.0,0.0,750.0
2018-05-30 11:16:28.427947,1023.0,2.5,0.0,12000.0,0.0,750.0
2018-05-30 11:16:28.626927,1023.0,2.5,0.0,12000.0,0.0,750.0
2018-05-30 11:16:28.827907,1023.0,2.5,0.0,12000.0,0.0,750.0
2018-05-30 11:16:29.035886,1023.0,2.5,0.0,12000.0,0.0,750.0
2018-05-30 11:16:29.231867,1023.0,2.5,0.0,12000.0,0.0,750.0
2018-05-30 11:16:29.432846,1023.0,2.5,0.0,12000.0,0.0,750.0
2018-05-30 11:16:29.656824,1023.0,2.5,0.0,12000.0,0.0,750.0
2018-05-30 11:16:29.862803,1023.0,2.5,0.0,12000.0,0.0,750.0
2018-05-30 11:16:30.066783,1023.0,2.5,0.0,12000.0,0.0,750.0
2018-05-30 11:16:30.267763,1023.0,2.5,0.0,12000.0,0.0,750.0
2018-05-30 11:16:30.468743,1023.0,2.5,0.0,12000.0,0.0,750.0
2018-05-30 11:16:30.668723,1023.0,2.5,0.0,12000.0,0.0,750.0
2018-05-30 11:16:30.869703,1023.0,2.5,0.0,12000.0,0.0,750.0
2018-05-30 11:16:31.072682,1023.0,2.5,0.0,12000.0,0.0,750.0
2018-05-30 11:16:31.276662,1023.0,2.5,0.0,12000.0,0.0,750.0
2018-05-30 11:16:31.480642,1023.0,2.5,0.0,12000.0,0.0,750.0
2018-05-30 11:16:31.681622,1023.0,2.5,0.0,12000.0,0.0,750.0
2018-05-30 11:16:31.884601,1023.0,2.5,0.0,12000.0,0.0,750.0
2018-05-30 11:16:32.085581,1023.0,2.5,0.0,12000.0,0.0,750.0
2018-05-30 11:16:32.286561,1023.0,2.5,0.0,12000.0,0.0,750.0
2018-05-30 11:16:32.490541,1023.0,2.5,0.0,12000.0,0.0,750.0
2018-05-30 11:16:32.689521,1023.0,2.5,0.0,12000.0,0.0,750.0
2018-05-30 11:16:32.891501,1023.0,2.5,0.0,12000.0,0.0,750.0
2018-05-30 11:16:33.098480,1023.0,2.5,0.0,12000.0,0.0,750.0
2018-05-30 11:16:33.296460,1023.0,2.5,0.0,12000.0,0.0,750.0
2018-05-30 11:16:33.498440,1023.0,2.5,0.0,12000.0,0.0,750.0
2018-05-30 11:16:33.706419,1023.0,2.5,0.0,12000.0,0.0,750.0
2018-05-30 11:16:33.902399,1023.0,2.5,0.0,12000.0,0.0,750.0
2018-05-30 11:16:34.103379,1023.0,2.5,0.0,12000.0,0.0,750.0
2018-05-30 11:16:34.304359,1023.0,2.5,0.0,12000.0,0.0,750.0
2018-05-30 11:16:34.506339,1023.0,2.5,0.0,12000.0,0.0,750.0
2018-05-30 11:16:34.706319,1023.0,2.5,0.0,12000.0,0.0,750.0
2018-05-30 11:16:34.908299,1023.0,2.5,0.0,12000.0,0.0,750.0
2018-05-30 11:16:35.114278,1023.0,2.5,0.0,12000.0,0.0,750.0
2018-05-30 11:16:35.310259,1023.0,2.5,0.0,12000.0,0.0,750.0
2018-05-30 11:16:35.529237,1023.0,2.5,0.0,12000.0,0.0,750.0
2018-05-30 11:16:35.730217,1023.0,2.5,0.0,12000.0,0.0,750.0
2018-05-30 11:16:35.932196,1023.0,2.5,0.0,12000.0,0.0,750.0
2018-05-30 11:16:36.140176,1023.0,2.5,0.0,12000.0,0.0,750.0
2018-05-30 11:16:36.340156,1023.0,2.5,0.0,12000.0,0.0,750.0
2018-05-30 11:16:36.552134,1023.0,2.5,0.0,12000.0,0.0,750.0
2018-05-30 11:16:36.753114,1023.0,2.5,0.0,12000.0,0.0,750.0
2018-05-30 11:16:36.954094,1023.0,2.5,0.0,12000.0,0.0,750.0
2018-05-30 11:16:37.156074,1023.0,2.5,0.0,12000.0,0.0,750.0
2018-05-30 11:16:37.357054,1023.0,2.5,0.0,12000.0,0.0,750.0
2018-05-30 11:16:37.558034,1023.0,2.5,0.0,12000.0,0.0,750.0
2018-05-30 11:16:37.759014,1023.0,2.5,0.0,12000.0,0.0,750.0
2018-05-30 11:16:37.961993,1023.0,2.5,0.0,12000.0,0.0,750.0
2018-05-30 11:16:38.165973,1023.0,2.5,0.0,12000.0,0.0,750.0
2018-05-30 11:16:38.367953,1023.0,2.5,0.0,12000.0,0.0,750.0
2018-05-30 11:16:38.570933,1023.0,2.5,0.0,12000.0,0.0,750.0
2018-05-30 11:16:38.769913,1023.0,2.5,0.0,12000.0,0.0,750.0
2018-05-30 11:16:38.971892,1023.0,2.5,0.0,12000.0,0.0,750.0
2018-05-30 11:16:39.177872,1023.0,2.5,0.0,12000.0,0.0,750.0
2018-05-30 11:16:39.373852,1023.0,2.5,0.0,12000.0,0.0,750.0
2018-05-30 11:16:39.574832,1023.0,2.5,0.0,12000.0,0.0,750.0
2018-05-30 11:16:39.775812,1023.0,2.5,0.0,12000.0,0.0,750.0
2018-05-30 11:16:39.977792,1023.0,2.5,0.0,12000.0,0.0,750.0
2018-05-30 11:16:40.177772,1023.0,2.5,0.0,12000.0,0.0,750.0
2018-05-30 11:16:40.378752,1023.0,2.5,0.0,12000.0,0.0,750.0
2018-05-30 11:16:40.579732,1023.0,2.5,0.0,12000.0,0.0,750.0
2018-05-30 11:16:40.780712,1023.0,2.5,0.0,12000.0,0.0,750.0
2018-05-30 11:16:40.981691,1023.0,2.5,0.0,12000.0,0.0,750.0
2018-05-30 11:16:41.183671,1023.0,2.5,0.0,12000.0,0.0,750.0
2018-05-30 11:16:41.385651,1023.0,2.5,0.0,12000.0,0.0,750.0
2018-05-30 11:16:41.585631,1023.0,2.5,0.0,12000.0,0.0,750.0
2018-05-30 11:16:41.786611,1023.0,2.5,0.0,12000.0,0.0,750.0
2018-05-30 11:16:41.987591,1023.0,2.5,0.0,12000.0,0.0,750.0
2018-05-30 11:16:42.188571,1023.0,2.5,0.0,12000.0,0.0,750.0
2018-05-30 11:16:42.390551,1023.0,2.5,0.0,12000.0,0.0,750.0
2018-05-30 11:16:42.591530,1023.0,2.5,0.0,12000.0,0.0,750.0
2018-05-30 11:16:42.793510,1023.0,2.5,0.0,12000.0,0.0,750.0
2018-05-30 11:16:42.994490,1023.0,2.5,0.0,12000.0,0.0,750.0
2018-05-30 11:16:43.199470,1023.0,2.5,0.0,12000.0,0.0,750.0
2018-05-30 11:16:43.410449,1023.0,2.5,0.0,12000.0,0.0,750.0
2018-05-30 11:16:43.615428,1023.0,2.5,0.0,12000.0,0.0,750.0
2018-05-30 11:16:43.820408,1023.0,2.5,0.0,12000.0,0.0,750.0
2018-05-30 11:16:44.025387,1023.0,2.5,0.0,12000.0,0.0,750.0
2018-05-30 11:16:44.233366,1023.0,2.5,0.0,12000.0,0.0,750.0
2018-05-30 11:16:44.433346,1023.0,2.5,0.0,12000.0,0.0,750.0
2018-05-30 11:16:44.637326,1023.0,2.5,0.0,12000.0,0.0,750.0
2018-05-30 11:16:44.842305,1023.0,2.5,0.0,12000.0,0.0,750.0
2018-05-30 11:16:45.039286,1023.0,2.5,0.0,12000.0,0.0,750.0
2018-05-30 11:16:45.240266,1023.0,2.5,0.0,12000.0,0.0,750.0
2018-05-30 11:16:45.441245,1023.0,2.5,0.0,12000.0,0.0,750.0
2018-05-30 11:16:45.642225,1023.0,2.5,0.0,12000.0,0.0,750.0
2018-05-30 11:16:45.844205,1023.0,2.5,0.0,12000.0,0.0,750.0
2018-05-30 11:16:46.045185,1023.0,2.5,0.0,12000.0,0.0,750.0
2018-05-30 11:16:46.249165,1023.0,2.5,0.0,12000.0,0.0,750.0
2018-05-30 11:16:46.448145,1023.0,2.5,0.0,12000.0,0.0,750.0
2018-05-30 11:16:46.653124,1023.0,2.5,0.0,12000.0,0.0,750.0
2018-05-30 11:16:46.858104,1023.0,2.5,0.0,12000.0,0.0,750.0
2018-05-30 11:16:47.055084,1023.0,2.5,0.0,12000.0,0.0,750.0
2018-05-30 11:16:47.256064,1023.0,2.5,0.0,12000.0,0.0,750.0
2018-05-30 11:16:47.458044,1023.0,2.5,0.0,12000.0,0.0,750.0
2018-05-30 11:16:47.659024,1023.0,2.5,0.0,12000.0,0.0,750.0
2018-05-30 11:16:47.861003,1023.0,2.5,0.0,12000.0,0.0,750.0
2018-05-30 11:16:48.061983,1023.0,2.5,0.0,12000.0,0.0,750.0
2018-05-30 11:16:48.264963,1023.0,2.5,0.0,12000.0,0.0,750.0
2018-05-30 11:16:48.463943,1023.0,2.5,0.0,12000.0,0.0,750.0
2018-05-30 11:16:48.664923,1023.0,2.5,0.0,12000.0,0.0,750.0
2018-05-30 11:16:48.865903,1023.0,2.5,0.0,12000.0,0.0,750.0
2018-05-30 11:16:49.082881,1023.0,2.5,0.0,12000.0,0.0,750.0
2018-05-30 11:16:49.287861,1023.0,2.5,0.0,12000.0,0.0,750.0
2018-05-30 11:16:49.484841,1023.0,2.5,0.0,12000.0,0.0,750.0
2018-05-30 11:16:49.685821,1023.0,2.5,0.0,12000.0,0.0,750.0
2018-05-30 11:16:49.886801,1023.0,2.5,0.0,12000.0,0.0,750.0
2018-05-30 11:16:50.087781,1023.0,2.5,0.0,12000.0,0.0,750.0
2018-05-30 11:16:50.288761,1023.0,2.5,0.0,12000.0,0.0,750.0
2018-05-30 11:16:50.489741,1023.0,2.5,0.0,12000.0,0.0,750.0
2018-05-30 11:16:50.695720,1023.0,2.5,0.0,12000.0,0.0,750.0
2018-05-30 11:16:50.896700,1023.0,2.5,0.0,12000.0,0.0,750.0
2018-05-30 11:16:51.099680,1023.0,2.5,0.0,12000.0,0.0,750.0
2018-05-30 11:16:51.303659,1023.0,2.5,0.0,12000.0,0.0,750.0
2018-05-30 11:16:51.503639,1023.0,2.5,0.0,12000.0,0.0,750.0
2018-05-30 11:16:51.704619,1023.0,2.5,0.0,12000.0,0.0,750.0
2018-05-30 11:16:51.905599,1023.0,2.5,0.0,12000.0,0.0,750.0
2018-05-30 11:16:52.106579,1023.0,2.5,0.0,12000.0,0.0,750.0
2018-05-30 11:16:52.307559,1023.0,2.5,0.0,12000.0,0.0,750.0
2018-05-30 11:16:52.508539,1023.0,2.5,0.0,12000.0,0.0,750.0
2018-05-30 11:16:52.711518,1023.0,2.5,0.0,12000.0,0.0,750.0
2018-05-30 11:16:52.910498,1023.0,2.5,0.0,12000.0,0.0,750.0
2018-05-30 11:16:53.111478,1023.0,2.5,0.0,12000.0,0.0,750.0
2018-05-30 11:16:53.312458,1023.0,2.5,0.0,12000.0,0.0,750.0
2018-05-30 11:16:53.513438,1023.0,2.5,0.0,12000.0,0.0,750.0
2018-05-30 11:16:53.714418,1023.0,2.5,0.0,12000.0,0.0,750.0
2018-05-30 11:16:53.916398,1023.0,2.5,0.0,12000.0,0.0,750.0
2018-05-30 11:16:54.119378,1023.0,2.5,0.0,12000.0,0.0,750.0
2018-05-30 11:16:54.319358,1023.0,2.5,0.0,12000.0,0.0,750.0
2018-05-30 11:16:54.521337,1023.0,2.5,0.0,12000.0,0.0,750.0
2018-05-30 11:16:54.727317,1023.0,2.5,0.0,12000.0,0.0,750.0
2018-05-30 11:16:54.923297,1023.0,2.5,0.0,12000.0,0.0,750.0
2018-05-30 11:16:55.125277,1023.0,2.5,0.0,12000.0,0.0,750.0
2018-05-30 11:16:55.326257,1023.0,2.5,0.0,12000.0,0.0,750.0
2018-05-30 11:16:55.527237,1023.0,2.5,0.0,12000.0,0.0,750.0
2018-05-30 11:16:55.728217,1023.0,2.5,0.0,12000.0,0.0,750.0
2018-05-30 11:16:55.929197,1023.0,2.5,0.0,12000.0,0.0,750.0
2018-05-30 11:16:56.135176,1023.0,2.5,0.0,12000.0,0.0,750.0
2018-05-30 11:16:56.331156,1023.0,2.5,0.0,12000.0,0.0,750.0
2018-05-30 11:16:56.532136,1023.0,2.5,0.0,12000.0,0.0,750.0
2018-05-30 11:16:56.733116,1023.0,2.5,0.0,12000.0,0.0,750.0
2018-05-30 11:16:56.936096,1023.0,2.5,0.0,12000.0,0.0,750.0
2018-05-30 11:16:57.136076,1023.0,2.5,0.0,12000.0,0.0,750.0
2018-05-30 11:16:57.338056,1023.0,2.5,0.0,12000.0,0.0,750.0
2018-05-30 11:16:57.543035,1023.0,2.5,0.0,12000.0,0.0,750.0
2018-05-30 11:16:57.740015,1023.0,2.5,0.0,12000.0,0.0,750.0
2018-05-30 11:16:57.940995,1023.0,2.5,0.0,12000.0,0.0,750.0
2018-05-30 11:16:58.141975,1023.0,2.5,0.0,12000.0,0.0,750.0
2018-05-30 11:16:58.343955,1023.0,2.5,0.0,12000.0,0.0,750.0
2018-05-30 11:16:58.543935,1023.0,2.5,0.0,12000.0,0.0,750.0
2018-05-30 11:16:58.745915,1023.0,2.5,0.0,12000.0,0.0,750.0
2018-05-30 11:16:58.950894,1023.0,2.5,0.0,12000.0,0.0,750.0
2018-05-30 11:16:59.148875,1023.0,2.5,0.0,12000.0,0.0,750.0
2018-05-30 11:16:59.350854,1023.0,2.5,0.0,12000.0,0.0,750.0
2018-05-30 11:16:59.551834,1023.0,2.5,0.0,12000.0,0.0,750.0
2018-05-30 11:16:59.752814,1023.0,2.5,0.0,12000.0,0.0,750.0
2018-05-30 11:16:59.953794,1023.0,2.5,0.0,12000.0,0.0,750.0
2018-05-30 11:17:00.155774,1023.0,2.5,0.0,12000.0,0.0,750.0
2018-05-30 11:17:00.358754,1023.0,2.5,0.0,12000.0,0.0,750.0
2018-05-30 11:17:00.558734,1023.0,2.5,0.0,12000.0,0.0,750.0
2018-05-30 11:17:00.759713,1023.0,2.5,0.0,12000.0,0.0,750.0
2018-05-30 11:17:00.960693,1023.0,2.5,0.0,12000.0,0.0,750.0
2018-05-30 11:17:01.162673,1023.0,2.5,0.0,12000.0,0.0,750.0
2018-05-30 11:17:01.362653,1023.0,2.5,0.0,12000.0,0.0,750.0
2018-05-30 11:17:01.563633,1023.0,2.5,0.0,12000.0,0.0,750.0
2018-05-30 11:17:01.766613,1023.0,2.5,0.0,12000.0,0.0,750.0
2018-05-30 11:17:01.968593,1023.0,2.5,0.0,12000.0,0.0,750.0
2018-05-30 11:17:02.175572,1023.0,2.5,0.0,12000.0,0.0,750.0
2018-05-30 11:17:02.376552,1023.0,2.5,0.0,12000.0,0.0,750.0
2018-05-30 11:17:02.577532,1023.0,2.5,0.0,12000.0,0.0,750.0
2018-05-30 11:17:02.779511,1023.0,2.5,0.0,12000.0,0.0,750.0
2018-05-30 11:17:02.985491,1023.0,2.5,0.0,12000.0,0.0,750.0
2018-05-30 11:17:03.186471,1023.0,2.5,0.0,12000.0,0.0,750.0
2018-05-30 11:17:03.388451,1023.0,2.5,0.0,12000.0,0.0,750.0
2018-05-30 11:17:03.590430,1023.0,2.5,0.0,12000.0,0.0,750.0
2018-05-30 11:17:03.791410,1023.0,2.5,0.0,12000.0,0.0,750.0
2018-05-30 11:17:03.992390,1023.0,2.5,0.0,12000.0,0.0,750.0
2018-05-30 11:17:04.198370,1023.0,2.5,0.0,12000.0,0.0,750.0
2018-05-30 11:17:04.395350,1023.0,2.5,0.0,12000.0,0.0,750.0
2018-05-30 11:17:04.596330,1023.0,2.5,0.0,12000.0,0.0,750.0
2018-05-30 11:17:04.797310,1023.0,2.5,0.0,12000.0,0.0,750.0
2018-05-30 11:17:04.998290,1023.0,2.5,0.0,12000.0,0.0,750.0
2018-05-30 11:17:05.199269,1023.0,2.5,0.0,12000.0,0.0,750.0
2018-05-30 11:17:05.400249,1023.0,2.5,0.0,12000.0,0.0,750.0
2018-05-30 11:17:05.606229,1023.0,2.5,0.0,12000.0,0.0,750.0
2018-05-30 11:17:05.805209,1023.0,2.5,0.0,12000.0,0.0,750.0
2018-05-30 11:17:06.006189,1023.0,2.5,0.0,12000.0,0.0,750.0
2018-05-30 11:17:06.207169,1023.0,2.5,0.0,12000.0,0.0,750.0
2018-05-30 11:17:06.408149,1023.0,2.5,0.0,12000.0,0.0,750.0
2018-05-30 11:17:06.610128,1023.0,2.5,0.0,12000.0,0.0,750.0
2018-05-30 11:17:06.811108,1023.0,2.5,0.0,12000.0,0.0,750.0
2018-05-30 11:17:07.013088,1023.0,2.5,0.0,12000.0,0.0,750.0
2018-05-30 11:17:07.213068,1023.0,2.5,0.0,12000.0,0.0,750.0
2018-05-30 11:17:07.414048,1023.0,2.5,0.0,12000.0,0.0,750.0
2018-05-30 11:17:07.615028,1023.0,2.5,0.0,12000.0,0.0,750.0
2018-05-30 11:17:07.816008,1023.0,2.5,0.0,12000.0,0.0,750.0
2018-05-30 11:17:08.016988,1023.0,2.5,0.0,12000.0,0.0,750.0
2018-05-30 11:17:08.218967,1023.0,2.5,0.0,12000.0,0.0,750.0
2018-05-30 11:17:08.421947,1023.0,2.5,0.0,12000.0,0.0,750.0
2018-05-30 11:17:08.622927,1023.0,2.5,0.0,12000.0,0.0,750.0
2018-05-30 11:17:08.823907,1023.0,2.5,0.0,12000.0,0.0,750.0
2018-05-30 11:17:09.028886,1023.0,2.5,0.0,12000.0,0.0,750.0
2018-05-30 11:17:09.227867,1023.0,2.5,0.0,12000.0,0.0,750.0
2018-05-30 11:17:09.428846,1023.0,2.5,0.0,12000.0,0.0,750.0
2018-05-30 11:17:09.630826,1023.0,2.5,0.0,12000.0,0.0,750.0
2018-05-30 11:17:09.831806,1023.0,2.5,0.0,12000.0,0.0,750.0
2018-05-30 11:17:10.032786,1023.0,2.5,0.0,12000.0,0.0,750.0
2018-05-30 11:17:10.233766,1023.0,2.5,0.0,12000.0,0.0,750.0
2018-05-30 11:17:10.436746,1023.0,2.5,0.0,12000.0,0.0,750.0
2018-05-30 11:17:10.635726,1023.0,2.5,0.0,12000.0,0.0,750.0
2018-05-30 11:17:10.836706,1023.0,2.5,0.0,12000.0,0.0,750.0
2018-05-30 11:17:11.037686,1023.0,2.5,0.0,12000.0,0.0,750.0
2018-05-30 11:17:11.238665,1023.0,2.5,0.0,12000.0,0.0,750.0
2018-05-30 11:17:11.439645,1023.0,2.5,0.0,12000.0,0.0,750.0
2018-05-30 11:17:11.640625,1023.0,2.5,0.0,12000.0,0.0,750.0
2018-05-30 11:17:11.844605,1023.0,2.5,0.0,12000.0,0.0,750.0
2018-05-30 11:17:12.045585,1023.0,2.5,0.0,12000.0,0.0,750.0
2018-05-30 11:17:12.246565,1023.0,2.5,0.0,12000.0,0.0,750.0
2018-05-30 11:17:12.452544,1023.0,2.5,0.0,12000.0,0.0,750.0
2018-05-30 11:17:12.649524,1023.0,2.5,0.0,12000.0,0.0,750.0
2018-05-30 11:17:12.850504,1023.0,2.5,0.0,12000.0,0.0,750.0
2018-05-30 11:17:13.051484,1023.0,2.5,0.0,12000.0,0.0,750.0
2018-05-30 11:17:13.252464,1023.0,2.5,0.0,12000.0,0.0,750.0
2018-05-30 11:17:13.453444,1023.0,2.5,0.0,12000.0,0.0,750.0
2018-05-30 11:17:13.654424,1023.0,2.5,0.0,12000.0,0.0,750.0
2018-05-30 11:17:13.860403,1023.0,2.5,0.0,12000.0,0.0,750.0
2018-05-30 11:17:14.057384,1023.0,2.5,0.0,12000.0,0.0,750.0
2018-05-30 11:17:14.258363,1023.0,2.5,0.0,12000.0,0.0,750.0
2018-05-30 11:17:14.459343,1023.0,2.5,0.0,12000.0,0.0,750.0
2018-05-30 11:17:14.660323,1023.0,2.5,0.0,12000.0,0.0,750.0
2018-05-30 11:17:14.861303,1023.0,2.5,0.0,12000.0,0.0,750.0
2018-05-30 11:17:15.062283,1023.0,2.5,0.0,12000.0,0.0,750.0
2018-05-30 11:17:15.268262,1023.0,2.5,0.0,12000.0,0.0,750.0
2018-05-30 11:17:15.465243,1023.0,2.5,0.0,12000.0,0.0,750.0
2018-05-30 11:17:15.666223,1023.0,2.5,0.0,12000.0,0.0,750.0
2018-05-30 11:17:15.867203,1023.0,2.5,0.0,12000.0,0.0,750.0
2018-05-30 11:17:16.068182,1023.0,2.5,0.0,12000.0,0.0,750.0
2018-05-30 11:17:16.270162,1023.0,2.5,0.0,12000.0,0.0,750.0
2018-05-30 11:17:16.471142,1023.0,2.5,0.0,12000.0,0.0,750.0
2018-05-30 11:17:16.676122,1023.0,2.5,0.0,12000.0,0.0,750.0
2018-05-30 11:17:16.873102,1023.0,2.5,0.0,12000.0,0.0,750.0
2018-05-30 11:17:17.076082,1023.0,2.5,0.0,12000.0,0.0,750.0
2018-05-30 11:17:17.277062,1023.0,2.5,0.0,12000.0,0.0,750.0
2018-05-30 11:17:17.478041,1023.0,2.5,0.0,12000.0,0.0,750.0
2018-05-30 11:17:17.679021,1023.0,2.5,0.0,12000.0,0.0,750.0
2018-05-30 11:17:17.880001,1023.0,2.5,0.0,12000.0,0.0,750.0
2018-05-30 11:17:18.083981,1023.0,2.5,0.0,12000.0,0.0,750.0
2018-05-30 11:17:18.282961,1023.0,2.5,0.0,12000.0,0.0,750.0
2018-05-30 11:17:18.483941,1023.0,2.5,0.0,12000.0,0.0,750.0
2018-05-30 11:17:18.684921,1023.0,2.5,0.0,12000.0,0.0,750.0
2018-05-30 11:17:18.885901,1023.0,2.5,0.0,12000.0,0.0,750.0
2018-05-30 11:17:19.094880,1023.0,2.5,0.0,12000.0,0.0,750.0
2018-05-30 11:17:19.299859,1023.0,2.5,0.0,12000.0,0.0,750.0
2018-05-30 11:17:19.496840,1023.0,2.5,0.0,12000.0,0.0,750.0
2018-05-30 11:17:19.697819,1023.0,2.5,0.0,12000.0,0.0,750.0
2018-05-30 11:17:19.898799,1023.0,2.5,0.0,12000.0,0.0,750.0
2018-05-30 11:17:20.100779,1023.0,2.5,0.0,12000.0,0.0,750.0
2018-05-30 11:17:20.302759,1023.0,2.5,0.0,12000.0,0.0,750.0
2018-05-30 11:17:20.504739,1023.0,2.5,0.0,12000.0,0.0,750.0
2018-05-30 11:17:20.708718,1023.0,2.5,0.0,12000.0,0.0,750.0
2018-05-30 11:17:20.906699,1023.0,2.5,0.0,12000.0,0.0,750.0
2018-05-30 11:17:21.107678,1023.0,2.5,0.0,12000.0,0.0,750.0
2018-05-30 11:17:21.308658,1023.0,2.5,0.0,12000.0,0.0,750.0
2018-05-30 11:17:21.509638,1023.0,2.5,0.0,12000.0,0.0,750.0
2018-05-30 11:17:21.710618,1023.0,2.5,0.0,12000.0,0.0,750.0
2018-05-30 11:17:21.911598,1023.0,2.5,0.0,12000.0,0.0,750.0
2018-05-30 11:17:22.115578,1023.0,2.5,0.0,12000.0,0.0,750.0
2018-05-30 11:17:22.313558,1023.0,2.5,0.0,12000.0,0.0,750.0
2018-05-30 11:17:22.514538,1023.0,2.5,0.0,12000.0,0.0,750.0
2018-05-30 11:17:22.715518,1023.0,2.5,0.0,12000.0,0.0,750.0
2018-05-30 11:17:22.918497,1023.0,2.5,0.0,12000.0,0.0,750.0
2018-05-30 11:17:23.119477,1023.0,2.5,0.0,12000.0,0.0,750.0
2018-05-30 11:17:23.320457,1023.0,2.5,0.0,12000.0,0.0,750.0
2018-05-30 11:17:23.523437,1023.0,2.5,0.0,12000.0,0.0,750.0
2018-05-30 11:17:23.722417,1023.0,2.5,0.0,12000.0,0.0,750.0
2018-05-30 11:17:23.923397,1023.0,2.5,0.0,12000.0,0.0,750.0
2018-05-30 11:17:24.124377,1023.0,2.5,0.0,12000.0,0.0,750.0
2018-05-30 11:17:24.325357,1023.0,2.5,0.0,12000.0,0.0,750.0
2018-05-30 11:17:24.526337,1023.0,2.5,0.0,12000.0,0.0,750.0
2018-05-30 11:17:24.729316,1023.0,2.5,0.0,12000.0,0.0,750.0
2018-05-30 11:17:24.930296,1023.0,2.5,0.0,12000.0,0.0,750.0
2018-05-30 11:17:25.131276,1023.0,2.5,0.0,12000.0,0.0,750.0
2018-05-30 11:17:25.332256,1023.0,2.5,0.0,12000.0,0.0,750.0
2018-05-30 11:17:25.538235,1023.0,2.5,0.0,12000.0,0.0,750.0
2018-05-30 11:17:25.736216,1023.0,2.5,0.0,12000.0,0.0,750.0
2018-05-30 11:17:25.937195,1023.0,2.5,0.0,12000.0,0.0,750.0
2018-05-30 11:17:26.138175,1023.0,2.5,0.0,12000.0,0.0,750.0
2018-05-30 11:17:26.339155,1023.0,2.5,0.0,12000.0,0.0,750.0
2018-05-30 11:17:26.540135,1023.0,2.5,0.0,12000.0,0.0,750.0
2018-05-30 11:17:26.741115,1023.0,2.5,0.0,12000.0,0.0,750.0
2018-05-30 11:17:26.946095,1023.0,2.5,0.0,12000.0,0.0,750.0
2018-05-30 11:17:27.143075,1023.0,2.5,0.0,12000.0,0.0,750.0
2018-05-30 11:17:27.344055,1023.0,2.5,0.0,12000.0,0.0,750.0
2018-05-30 11:17:27.545035,1023.0,2.5,0.0,12000.0,0.0,750.0
2018-05-30 11:17:27.748014,1023.0,2.5,0.0,12000.0,0.0,750.0
2018-05-30 11:17:27.948994,1023.0,2.5,0.0,12000.0,0.0,750.0
2018-05-30 11:17:28.150974,1023.0,2.5,0.0,12000.0,0.0,750.0
2018-05-30 11:17:28.353954,1023.0,2.5,0.0,12000.0,0.0,750.0
2018-05-30 11:17:28.552934,1023.0,2.5,0.0,12000.0,0.0,750.0
2018-05-30 11:17:28.753914,1023.0,2.5,0.0,12000.0,0.0,750.0
2018-05-30 11:17:28.965893,1023.0,2.5,0.0,12000.0,0.0,750.0
2018-05-30 11:17:29.166872,1023.0,2.5,0.0,12000.0,0.0,750.0
2018-05-30 11:17:29.368852,1023.0,2.5,0.0,12000.0,0.0,750.0
2018-05-30 11:17:29.574832,1023.0,2.5,0.0,12000.0,0.0,750.0
2018-05-30 11:17:29.775812,1023.0,2.5,0.0,12000.0,0.0,750.0
2018-05-30 11:17:29.976791,1023.0,2.5,0.0,12000.0,0.0,750.0
2018-05-30 11:17:30.178771,1023.0,2.5,0.0,12000.0,0.0,750.0
2018-05-30 11:17:30.379751,1023.0,2.5,0.0,12000.0,0.0,750.0
2018-05-30 11:17:30.580731,1023.0,2.5,0.0,12000.0,0.0,750.0
2018-05-30 11:17:30.785711,1023.0,2.5,0.0,12000.0,0.0,750.0
2018-05-30 11:17:30.982691,1023.0,2.5,0.0,12000.0,0.0,750.0
2018-05-30 11:17:31.184671,1023.0,2.5,0.0,12000.0,0.0,750.0
2018-05-30 11:17:31.387650,1023.0,2.5,0.0,12000.0,0.0,750.0
2018-05-30 11:17:31.588630,1023.0,2.5,0.0,12000.0,0.0,750.0
2018-05-30 11:17:31.789610,1023.0,2.5,0.0,12000.0,0.0,750.0
2018-05-30 11:17:31.991590,1023.0,2.5,0.0,12000.0,0.0,750.0
2018-05-30 11:17:32.193570,1023.0,2.5,0.0,12000.0,0.0,750.0
2018-05-30 11:17:32.393550,1023.0,2.5,0.0,12000.0,0.0,750.0
2018-05-30 11:17:32.594530,1023.0,2.5,0.0,12000.0,0.0,750.0
2018-05-30 11:17:32.795510,1023.0,2.5,0.0,12000.0,0.0,750.0
2018-05-30 11:17:32.997489,1023.0,2.5,0.0,12000.0,0.0,750.0
2018-05-30 11:17:33.198469,1023.0,2.5,0.0,12000.0,0.0,750.0
2018-05-30 11:17:33.399449,1023.0,2.5,0.0,12000.0,0.0,750.0
2018-05-30 11:17:33.601429,1023.0,2.5,0.0,12000.0,0.0,750.0
2018-05-30 11:17:33.801409,1023.0,2.5,0.0,12000.0,0.0,750.0
2018-05-30 11:17:34.003389,1023.0,2.5,0.0,12000.0,0.0,750.0
2018-05-30 11:17:34.204369,1023.0,2.5,0.0,12000.0,0.0,750.0
2018-05-30 11:17:34.405349,1023.0,2.5,0.0,12000.0,0.0,750.0
2018-05-30 11:17:34.606328,1023.0,2.5,0.0,12000.0,0.0,750.0
2018-05-30 11:17:34.808308,1023.0,2.5,0.0,12000.0,0.0,750.0
2018-05-30 11:17:35.009288,1023.0,2.5,0.0,12000.0,0.0,750.0
2018-05-30 11:17:35.211268,1023.0,2.5,0.0,12000.0,0.0,750.0
2018-05-30 11:17:35.413248,1023.0,2.5,0.0,12000.0,0.0,750.0
2018-05-30 11:17:35.617227,1023.0,2.5,0.0,12000.0,0.0,750.0
2018-05-30 11:17:35.815208,1023.0,2.5,0.0,12000.0,0.0,750.0
2018-05-30 11:17:36.016187,1023.0,2.5,0.0,12000.0,0.0,750.0
2018-05-30 11:17:36.217167,1023.0,2.5,0.0,12000.0,0.0,750.0
2018-05-30 11:17:36.418147,1023.0,2.5,0.0,12000.0,0.0,750.0
2018-05-30 11:17:36.619127,1023.0,2.5,0.0,12000.0,0.0,750.0
2018-05-30 11:17:36.820107,1023.0,2.5,0.0,12000.0,0.0,750.0
2018-05-30 11:17:37.025087,1023.0,2.5,0.0,12000.0,0.0,750.0
2018-05-30 11:17:37.222067,1023.0,2.5,0.0,12000.0,0.0,750.0
2018-05-30 11:17:37.423047,1023.0,2.5,0.0,12000.0,0.0,750.0
2018-05-30 11:17:37.624027,1023.0,2.5,0.0,12000.0,0.0,750.0
2018-05-30 11:17:37.826006,1023.0,2.5,0.0,12000.0,0.0,750.0
2018-05-30 11:17:38.026986,1023.0,2.5,0.0,12000.0,0.0,750.0
2018-05-30 11:17:38.227966,1023.0,2.5,0.0,12000.0,0.0,750.0
2018-05-30 11:17:38.432946,1023.0,2.5,0.0,12000.0,0.0,750.0
2018-05-30 11:17:38.629926,1023.0,2.5,0.0,12000.0,0.0,750.0
2018-05-30 11:17:38.830906,1023.0,2.5,0.0,12000.0,0.0,750.0
2018-05-30 11:17:39.051884,1023.0,2.5,0.0,12000.0,0.0,750.0
2018-05-30 11:17:39.252864,1023.0,2.5,0.0,12000.0,0.0,750.0
2018-05-30 11:17:39.456843,1023.0,2.5,0.0,12000.0,0.0,750.0
2018-05-30 11:17:39.654824,1023.0,2.5,0.0,12000.0,0.0,750.0
2018-05-30 11:17:39.855803,1023.0,2.5,0.0,12000.0,0.0,750.0
2018-05-30 11:17:40.056783,1023.0,2.5,0.0,12000.0,0.0,750.0
2018-05-30 11:17:40.257763,1023.0,2.5,0.0,12000.0,0.0,750.0
2018-05-30 11:17:40.458743,1023.0,2.5,0.0,12000.0,0.0,750.0
2018-05-30 11:17:40.659723,1023.0,2.5,0.0,12000.0,0.0,750.0
2018-05-30 11:17:40.864703,1023.0,2.5,0.0,12000.0,0.0,750.0
2018-05-30 11:17:41.061683,1023.0,2.5,0.0,12000.0,0.0,750.0
2018-05-30 11:17:41.262663,1023.0,2.5,0.0,12000.0,0.0,750.0
2018-05-30 11:17:41.463643,1023.0,2.5,0.0,12000.0,0.0,750.0
2018-05-30 11:17:41.666622,1023.0,2.5,0.0,12000.0,0.0,750.0
2018-05-30 11:17:41.867602,1023.0,2.5,0.0,12000.0,0.0,750.0
2018-05-30 11:17:42.068582,1023.0,2.5,0.0,12000.0,0.0,750.0
2018-05-30 11:17:42.271562,1023.0,2.5,0.0,12000.0,0.0,750.0
2018-05-30 11:17:42.470542,1023.0,2.5,0.0,12000.0,0.0,750.0
2018-05-30 11:17:42.675521,1023.0,2.5,0.0,12000.0,0.0,750.0
2018-05-30 11:17:42.879501,1023.0,2.5,0.0,12000.0,0.0,750.0
2018-05-30 11:17:43.077481,1023.0,2.5,0.0,12000.0,0.0,750.0
2018-05-30 11:17:43.281461,1023.0,2.5,0.0,12000.0,0.0,750.0
2018-05-30 11:17:43.487440,1023.0,2.5,0.0,12000.0,0.0,750.0
2018-05-30 11:17:43.683421,1023.0,2.5,0.0,12000.0,0.0,750.0
2018-05-30 11:17:43.884401,1023.0,2.5,0.0,12000.0,0.0,750.0
2018-05-30 11:17:44.085380,1023.0,2.5,0.0,12000.0,0.0,750.0
2018-05-30 11:17:44.287360,1023.0,2.5,0.0,12000.0,0.0,750.0
2018-05-30 11:17:44.487340,1023.0,2.5,0.0,12000.0,0.0,750.0
2018-05-30 11:17:44.688320,1023.0,2.5,0.0,12000.0,0.0,750.0
2018-05-30 11:17:44.889300,1023.0,2.5,0.0,12000.0,0.0,750.0
2018-05-30 11:17:45.090280,1023.0,2.5,0.0,12000.0,0.0,750.0
2018-05-30 11:17:45.292260,1023.0,2.5,0.0,12000.0,0.0,750.0
2018-05-30 11:17:45.493240,1023.0,2.5,0.0,12000.0,0.0,750.0
2018-05-30 11:17:45.695219,1023.0,2.5,0.0,12000.0,0.0,750.0
2018-05-30 11:17:45.896199,1023.0,2.5,0.0,12000.0,0.0,750.0
2018-05-30 11:17:46.097179,1023.0,2.5,0.0,12000.0,0.0,750.0
2018-05-30 11:17:46.303159,1023.0,2.5,0.0,12000.0,0.0,750.0
2018-05-30 11:17:46.499139,1023.0,2.5,0.0,12000.0,0.0,750.0
2018-05-30 11:17:46.700119,1023.0,2.5,0.0,12000.0,0.0,750.0
2018-05-30 11:17:46.901099,1023.0,2.5,0.0,12000.0,0.0,750.0
2018-05-30 11:17:47.103079,1023.0,2.5,0.0,12000.0,0.0,750.0
2018-05-30 11:17:47.305058,1023.0,2.5,0.0,12000.0,0.0,750.0
2018-05-30 11:17:47.507038,1023.0,2.5,0.0,12000.0,0.0,750.0
2018-05-30 11:17:47.711018,1023.0,2.5,0.0,12000.0,0.0,750.0
2018-05-30 11:17:47.909998,1023.0,2.5,0.0,12000.0,0.0,750.0
2018-05-30 11:17:48.111978,1023.0,2.5,0.0,12000.0,0.0,750.0
2018-05-30 11:17:48.311958,1023.0,2.5,0.0,12000.0,0.0,750.0
2018-05-30 11:17:48.512938,1023.0,2.5,0.0,12000.0,0.0,750.0
2018-05-30 11:17:48.713918,1023.0,2.5,0.0,12000.0,0.0,750.0
2018-05-30 11:17:48.915897,1023.0,2.5,0.0,12000.0,0.0,750.0
2018-05-30 11:17:49.121877,1023.0,2.5,0.0,12000.0,0.0,750.0
2018-05-30 11:17:49.322857,1023.0,2.5,0.0,12000.0,0.0,750.0
2018-05-30 11:17:49.523837,1023.0,2.5,0.0,12000.0,0.0,750.0
2018-05-30 11:17:49.726816,1023.0,2.5,0.0,12000.0,0.0,750.0
2018-05-30 11:17:49.925796,1023.0,2.5,0.0,12000.0,0.0,750.0
2018-05-30 11:17:50.127776,1023.0,2.5,0.0,12000.0,0.0,750.0
2018-05-30 11:17:50.327756,1023.0,2.5,0.0,12000.0,0.0,750.0
2018-05-30 11:17:50.528736,1023.0,2.5,0.0,12000.0,0.0,750.0
2018-05-30 11:17:50.729716,1023.0,2.5,0.0,12000.0,0.0,750.0
2018-05-30 11:17:50.930696,1023.0,2.5,0.0,12000.0,0.0,750.0
2018-05-30 11:17:51.134675,1023.0,2.5,0.0,12000.0,0.0,750.0
2018-05-30 11:17:51.332656,1023.0,2.5,0.0,12000.0,0.0,750.0
2018-05-30 11:17:51.533636,1023.0,2.5,0.0,12000.0,0.0,750.0
2018-05-30 11:17:51.734615,1023.0,2.5,0.0,12000.0,0.0,750.0
2018-05-30 11:17:51.935595,1023.0,2.5,0.0,12000.0,0.0,750.0
2018-05-30 11:17:52.136575,1023.0,2.5,0.0,12000.0,0.0,750.0
2018-05-30 11:17:52.337555,1023.0,2.5,0.0,12000.0,0.0,750.0
2018-05-30 11:17:52.542535,1023.0,2.5,0.0,12000.0,0.0,750.0
2018-05-30 11:17:52.740515,1023.0,2.5,0.0,12000.0,0.0,750.0
2018-05-30 11:17:52.941495,1023.0,2.5,0.0,12000.0,0.0,750.0
2018-05-30 11:17:53.143475,1023.0,2.5,0.0,12000.0,0.0,750.0
2018-05-30 11:17:53.347454,1023.0,2.5,0.0,12000.0,0.0,750.0
2018-05-30 11:17:53.548434,1023.0,2.5,0.0,12000.0,0.0,750.0
2018-05-30 11:17:53.750414,1023.0,2.5,0.0,12000.0,0.0,750.0
2018-05-30 11:17:53.951394,1023.0,2.5,0.0,12000.0,0.0,750.0
2018-05-30 11:17:54.152374,1023.0,2.5,0.0,12000.0,0.0,750.0
2018-05-30 11:17:54.353354,1023.0,2.5,0.0,12000.0,0.0,750.0
2018-05-30 11:17:54.558333,1023.0,2.5,0.0,12000.0,0.0,750.0
2018-05-30 11:17:54.755313,1023.0,2.5,0.0,12000.0,0.0,750.0
2018-05-30 11:17:54.956293,1023.0,2.5,0.0,12000.0,0.0,750.0
2018-05-30 11:17:55.157273,1023.0,2.5,0.0,12000.0,0.0,750.0
2018-05-30 11:17:55.358253,1023.0,2.5,0.0,12000.0,0.0,750.0
2018-05-30 11:17:55.561233,1023.0,2.5,0.0,12000.0,0.0,750.0
2018-05-30 11:17:55.764212,1023.0,2.5,0.0,12000.0,0.0,750.0
2018-05-30 11:17:55.968192,1023.0,2.5,0.0,12000.0,0.0,750.0
2018-05-30 11:17:56.169172,1023.0,2.5,0.0,12000.0,0.0,750.0
2018-05-30 11:17:56.370152,1023.0,2.5,0.0,12000.0,0.0,750.0
2018-05-30 11:17:56.574131,1023.0,2.5,0.0,12000.0,0.0,750.0
2018-05-30 11:17:56.772112,1023.0,2.5,0.0,12000.0,0.0,750.0
2018-05-30 11:17:56.973092,1023.0,2.5,0.0,12000.0,0.0,750.0
2018-05-30 11:17:57.175071,1023.0,2.5,0.0,12000.0,0.0,750.0
2018-05-30 11:17:57.376051,1023.0,2.5,0.0,12000.0,0.0,750.0
2018-05-30 11:17:57.577031,1023.0,2.5,0.0,12000.0,0.0,750.0
2018-05-30 11:17:57.779011,1023.0,2.5,0.0,12000.0,0.0,750.0
2018-05-30 11:17:57.981991,1023.0,2.5,0.0,12000.0,0.0,750.0
2018-05-30 11:17:58.180971,1023.0,2.5,0.0,12000.0,0.0,750.0
2018-05-30 11:17:58.381951,1023.0,2.5,0.0,12000.0,0.0,750.0
2018-05-30 11:17:58.582931,1023.0,2.5,0.0,12000.0,0.0,750.0
2018-05-30 11:17:58.783910,1023.0,2.5,0.0,12000.0,0.0,750.0
2018-05-30 11:17:58.997889,1023.0,2.5,0.0,12000.0,0.0,750.0
2018-05-30 11:17:59.198869,1023.0,2.5,0.0,12000.0,0.0,750.0
2018-05-30 11:17:59.399849,1023.0,2.5,0.0,12000.0,0.0,750.0
2018-05-30 11:17:59.601829,1023.0,2.5,0.0,12000.0,0.0,750.0
2018-05-30 11:17:59.802809,1023.0,2.5,0.0,12000.0,0.0,750.0
2018-05-30 11:18:00.003788,1023.0,2.5,0.0,12000.0,0.0,750.0
2018-05-30 11:18:00.204768,1023.0,2.5,0.0,12000.0,0.0,750.0
2018-05-30 11:18:00.405748,1023.0,2.5,0.0,12000.0,0.0,750.0
2018-05-30 11:18:00.606728,1023.0,2.5,0.0,12000.0,0.0,750.0
2018-05-30 11:18:00.808708,1023.0,2.5,0.0,12000.0,0.0,750.0
2018-05-30 11:18:01.009688,1023.0,2.5,0.0,12000.0,0.0,750.0
2018-05-30 11:18:01.212668,1023.0,2.5,0.0,12000.0,0.0,750.0
2018-05-30 11:18:01.411648,1023.0,2.5,0.0,12000.0,0.0,750.0
2018-05-30 11:18:01.614627,1023.0,2.5,0.0,12000.0,0.0,750.0
2018-05-30 11:18:01.820607,1023.0,2.5,0.0,12000.0,0.0,750.0
2018-05-30 11:18:02.016587,1023.0,2.5,0.0,12000.0,0.0,750.0
2018-05-30 11:18:02.221567,1023.0,2.5,0.0,12000.0,0.0,750.0
2018-05-30 11:18:02.422547,1023.0,2.5,0.0,12000.0,0.0,750.0
2018-05-30 11:18:02.623526,1023.0,2.5,0.0,12000.0,0.0,750.0
2018-05-30 11:18:02.827506,1023.0,2.5,0.0,12000.0,0.0,750.0
2018-05-30 11:18:03.029486,1023.0,2.5,0.0,12000.0,0.0,750.0
2018-05-30 11:18:03.230466,1023.0,2.5,0.0,12000.0,0.0,750.0
2018-05-30 11:18:03.431446,1023.0,2.5,0.0,12000.0,0.0,750.0
2018-05-30 11:18:03.632426,1023.0,2.5,0.0,12000.0,0.0,750.0
2018-05-30 11:18:03.836405,1023.0,2.5,0.0,12000.0,0.0,750.0
