datetime,IP1,FC1,Volt FC1 ,Vtip,Itip,BV1
2018-05-29 16:00:01.267435,1023.0,1.7000000000000004,0.0,0.0,0.0,0.0
2018-05-29 16:00:01.491502,1023.0,1.7000000000000004,0.0,0.0,0.0,0.0
2018-05-29 16:00:01.702566,1023.0,1.7000000000000004,0.0,0.0,0.0,0.0
2018-05-29 16:00:01.908627,1023.0,1.7000000000000004,0.0,0.0,0.0,0.0
2018-05-29 16:00:02.110688,1023.0,1.7000000000000004,0.0,0.0,0.0,0.0
2018-05-29 16:00:02.313749,1023.0,1.7000000000000004,0.0,0.0,0.0,0.0
2018-05-29 16:00:02.517810,1023.0,1.7000000000000004,0.0,0.0,0.0,0.0
2018-05-29 16:00:02.720871,1023.0,1.7000000000000004,0.0,0.0,0.0,0.0
2018-05-29 16:00:02.924932,1023.0,1.7000000000000004,0.0,0.0,0.0,0.0
2018-05-29 16:00:03.127993,1023.0,1.7000000000000004,0.0,0.0,0.0,0.0
2018-05-29 16:00:03.334055,1023.0,1.7000000000000004,0.0,0.0,0.0,0.0
2018-05-29 16:00:03.537116,1023.0,1.7000000000000004,0.0,0.0,0.0,0.0
2018-05-29 16:00:03.739176,1023.0,1.7000000000000004,0.0,0.0,0.0,0.0
2018-05-29 16:00:03.943238,1023.0,1.7000000000000004,0.0,0.0,0.0,0.0
2018-05-29 16:00:04.146298,1023.0,1.7000000000000004,0.0,0.0,0.0,0.0
2018-05-29 16:00:04.361363,1023.0,1.7000000000000004,0.0,0.0,0.0,0.0
2018-05-29 16:00:04.570426,1023.0,1.7000000000000004,0.0,0.0,0.0,0.0
2018-05-29 16:00:04.776487,1023.0,1.7000000000000004,0.0,0.0,0.0,0.0
2018-05-29 16:00:04.979548,1023.0,1.7000000000000004,0.0,0.0,0.0,0.0
2018-05-29 16:00:05.182609,1023.0,1.7000000000000004,0.0,0.0,0.0,0.0
2018-05-29 16:00:05.388671,1023.0,1.7000000000000004,0.0,0.0,0.0,0.0
2018-05-29 16:00:05.601735,1023.0,1.7000000000000004,0.0,0.0,0.0,0.0
2018-05-29 16:00:05.805796,1023.0,1.7000000000000004,0.0,0.0,0.0,0.0
2018-05-29 16:00:06.009857,1023.0,1.7000000000000004,0.0,0.0,0.0,0.0
2018-05-29 16:00:06.211918,1023.0,1.7000000000000004,0.0,0.0,0.0,0.0
2018-05-29 16:00:06.416979,1023.0,1.7000000000000004,0.0,0.0,0.0,0.0
2018-05-29 16:00:06.629043,1023.0,1.7000000000000004,0.0,0.0,0.0,0.0
2018-05-29 16:00:06.842107,1023.0,1.7000000000000004,0.0,0.0,0.0,0.0
2018-05-29 16:00:07.045168,1023.0,1.7000000000000004,0.0,0.0,0.0,0.0
2018-05-29 16:00:07.301245,1023.0,1.7000000000000004,0.0,0.0,0.0,0.0
2018-05-29 16:00:07.507306,1023.0,1.7000000000000004,0.0,0.0,0.0,0.0
2018-05-29 16:00:07.712368,1023.0,1.7000000000000004,0.0,0.0,0.0,0.0
2018-05-29 16:00:07.929433,1023.0,1.7000000000000004,0.0,0.0,0.0,0.0
2018-05-29 16:00:08.142497,1023.0,1.7000000000000004,0.0,0.0,0.0,0.0
2018-05-29 16:00:08.346558,1023.0,1.7000000000000004,0.0,0.0,0.0,0.0
2018-05-29 16:00:08.548619,1023.0,1.7000000000000004,0.0,0.0,0.0,0.0
2018-05-29 16:00:08.752680,1023.0,1.7000000000000004,0.0,0.0,0.0,0.0
2018-05-29 16:00:08.957741,1023.0,1.7000000000000004,0.0,0.0,0.0,0.0
2018-05-29 16:00:09.172806,1023.0,1.7000000000000004,0.0,0.0,0.0,0.0
2018-05-29 16:00:09.377867,1023.0,1.7000000000000004,0.0,0.0,0.0,0.0
2018-05-29 16:00:09.586930,1023.0,1.7000000000000004,0.0,0.0,0.0,0.0
2018-05-29 16:00:09.792992,1023.0,1.8000000000000005,0.0,0.0,0.0,0.0
2018-05-29 16:00:09.999054,1023.0,1.8000000000000005,0.0,0.0,0.0,0.0
2018-05-29 16:00:10.204115,1023.0,1.9000000000000006,0.0,0.0,0.0,0.0
2018-05-29 16:00:10.425182,1023.0,1.9000000000000006,0.0,0.0,0.0,0.0
2018-05-29 16:00:10.633244,1023.0,1.9000000000000006,0.0,0.0,0.0,0.0
2018-05-29 16:00:10.840306,1023.0,1.9000000000000006,0.0,0.0,0.0,0.0
2018-05-29 16:00:11.045368,1023.0,1.9000000000000006,0.0,0.0,0.0,0.0
2018-05-29 16:00:11.248428,1023.0,2.0,0.0,0.0,0.0,0.0
2018-05-29 16:00:11.463493,1023.0,2.0,0.0,0.0,0.0,0.0
2018-05-29 16:00:11.676557,1023.0,2.0,0.0,0.0,0.0,0.0
2018-05-29 16:00:11.879618,1023.0,2.0,0.0,0.0,0.0,0.0
2018-05-29 16:00:12.084679,1023.0,2.02,0.0,0.0,0.0,0.0
2018-05-29 16:00:12.289741,1023.0,2.02,0.0,0.0,0.0,0.0
2018-05-29 16:00:12.618839,1023.0,2.02,0.0,0.0,0.0,0.0
2018-05-29 16:00:12.756881,1023.0,2.02,0.0,0.0,0.0,0.0
2018-05-29 16:00:12.992952,1023.0,2.02,0.0,0.0,0.0,0.0
2018-05-29 16:00:13.213018,1023.0,2.04,0.0,0.0,0.0,0.0
2018-05-29 16:00:13.443087,1023.0,2.04,0.0,0.0,0.0,0.0
2018-05-29 16:00:13.654150,1023.0,2.04,0.0,0.0,0.0,0.0
2018-05-29 16:00:13.864213,1023.0,2.04,0.0,0.0,0.0,0.0
2018-05-29 16:00:14.076277,1023.0,2.04,0.0,0.0,0.0,0.0
2018-05-29 16:00:14.284339,1023.0,2.06,0.0,0.0,0.0,0.0
2018-05-29 16:00:14.502404,1023.0,2.06,0.0,0.0,0.0,0.0
2018-05-29 16:00:14.714468,1023.0,2.06,0.0,0.0,0.0,0.0
2018-05-29 16:00:14.921530,1023.0,2.06,0.0,0.0,0.0,0.0
2018-05-29 16:00:15.127592,1023.0,2.08,0.0,0.0,0.0,0.0
2018-05-29 16:00:15.330653,1023.0,2.08,0.0,0.0,0.0,0.0
2018-05-29 16:00:15.538715,1023.0,2.08,0.0,0.0,0.0,0.0
2018-05-29 16:00:15.749778,1023.0,2.08,0.0,0.0,0.0,0.0
2018-05-29 16:00:15.953840,1023.0,2.08,0.0,0.0,0.0,0.0
2018-05-29 16:00:16.160902,1023.0,2.1,0.0,0.0,0.0,0.0
2018-05-29 16:00:16.364963,1023.0,2.1,0.0,0.0,0.0,0.0
2018-05-29 16:00:16.570024,1023.0,2.1,0.0,0.0,0.0,0.0
2018-05-29 16:00:16.776086,1023.0,2.1,0.0,0.0,0.0,0.0
2018-05-29 16:00:16.980147,1023.0,2.1,0.0,0.0,0.0,0.0
2018-05-29 16:00:17.185209,1023.0,2.12,0.0,0.0,0.0,0.0
2018-05-29 16:00:17.391271,1023.0,2.12,0.0,0.0,0.0,0.0
2018-05-29 16:00:17.601334,1023.0,2.12,0.0,0.0,0.0,0.0
2018-05-29 16:00:17.805395,1023.0,2.12,0.0,0.0,0.0,0.0
2018-05-29 16:00:18.023460,1023.0,2.12,0.0,0.0,0.0,0.0
2018-05-29 16:00:18.229522,1023.0,2.14,0.0,0.0,0.0,0.0
2018-05-29 16:00:18.434584,1023.0,2.14,0.0,0.0,0.0,0.0
2018-05-29 16:00:18.643646,1023.0,2.14,0.0,0.0,0.0,0.0
2018-05-29 16:00:18.847708,1023.0,2.14,0.0,0.0,0.0,0.0
2018-05-29 16:00:19.075776,1023.0,2.14,0.0,0.0,0.0,0.0
2018-05-29 16:00:19.290840,1023.0,2.16,0.0,0.0,0.0,0.0
2018-05-29 16:00:19.498903,1023.0,2.16,0.0,0.0,0.0,0.0
2018-05-29 16:00:19.707966,1023.0,2.16,0.0,0.0,0.0,0.0
2018-05-29 16:00:19.914027,1023.0,2.16,0.0,0.0,0.0,0.0
2018-05-29 16:00:20.118089,1023.0,2.18,0.0,0.0,0.0,0.0
2018-05-29 16:00:20.334153,1023.0,2.18,0.0,0.0,0.0,0.0
2018-05-29 16:00:20.551218,1023.0,2.18,0.0,0.0,0.0,0.0
2018-05-29 16:00:20.757280,1023.0,2.18,0.0,0.0,0.0,0.0
2018-05-29 16:00:20.962342,1023.0,2.18,0.0,0.0,0.0,0.0
2018-05-29 16:00:21.168404,1023.0,2.2,0.0,0.0,0.0,0.0
2018-05-29 16:00:21.372465,1023.0,2.2,0.0,0.0,0.0,0.0
2018-05-29 16:00:21.575526,1023.0,2.2,0.0,0.0,0.0,0.0
2018-05-29 16:00:21.780587,1023.0,2.2,0.0,0.0,0.0,0.0
2018-05-29 16:00:21.985649,1023.0,2.2,0.0,0.0,0.0,0.0
2018-05-29 16:00:22.193711,1023.0,2.22,0.0,0.0,0.0,0.0
2018-05-29 16:00:22.398773,1023.0,2.22,0.0,0.0,0.0,0.0
2018-05-29 16:00:22.611836,1023.0,2.22,0.0,0.0,0.0,0.0
2018-05-29 16:00:22.817898,1023.0,2.22,0.0,0.0,0.0,0.0
2018-05-29 16:00:23.020959,1023.0,2.22,0.0,0.0,0.0,0.0
2018-05-29 16:00:23.225020,1023.0,2.24,0.0,0.0,0.0,0.0
2018-05-29 16:00:23.429082,1023.0,2.24,0.0,0.0,0.0,0.0
2018-05-29 16:00:23.631142,1023.0,2.24,0.0,0.0,0.0,0.0
2018-05-29 16:00:23.843206,1023.0,2.24,0.0,0.0,0.0,0.0
2018-05-29 16:00:24.058270,1023.0,2.24,0.0,0.0,0.0,0.0
2018-05-29 16:00:24.266333,1023.0,2.2600000000000002,0.0,0.0,0.0,0.0
2018-05-29 16:00:24.474395,1023.0,2.2600000000000002,0.0,0.0,0.0,0.0
2018-05-29 16:00:24.687459,1023.0,2.2600000000000002,0.0,0.0,0.0,0.0
2018-05-29 16:00:24.905524,1023.0,2.2600000000000002,0.0,0.0,0.0,0.0
2018-05-29 16:00:25.111586,1023.0,2.2600000000000002,0.0,0.0,0.0,0.0
2018-05-29 16:00:25.317648,1023.0,2.2800000000000002,0.0,0.0,0.0,0.0
2018-05-29 16:00:25.528711,1023.0,2.2800000000000002,0.0,0.0,0.0,0.0
2018-05-29 16:00:25.734773,1023.0,2.2800000000000002,0.0,0.0,0.0,0.0
2018-05-29 16:00:25.941835,1023.0,2.2800000000000002,0.0,0.0,0.0,0.0
2018-05-29 16:00:26.175905,1023.0,2.3000000000000003,0.0,0.0,0.0,0.0
2018-05-29 16:00:26.388969,1023.0,2.3000000000000003,0.0,0.0,0.0,0.0
2018-05-29 16:00:26.596031,1023.0,2.3000000000000003,0.0,0.0,0.0,0.0
2018-05-29 16:00:26.802093,1023.0,2.3000000000000003,0.0,0.0,0.0,0.0
2018-05-29 16:00:27.077176,1023.0,2.3000000000000003,0.0,0.0,0.0,0.0
2018-05-29 16:00:27.298242,1023.0,2.3200000000000003,0.0,0.0,0.0,0.0
2018-05-29 16:00:27.503303,1023.0,2.3200000000000003,0.0,0.0,0.0,0.0
2018-05-29 16:00:27.711366,1023.0,2.3200000000000003,0.0,0.0,0.0,0.0
2018-05-29 16:00:27.927431,1023.0,2.3200000000000003,0.0,0.0,0.0,0.0
2018-05-29 16:00:28.133492,1023.0,2.3400000000000003,0.0,0.0,0.0,0.0
2018-05-29 16:00:28.336553,1023.0,2.3400000000000003,0.0,0.0,0.0,0.0
2018-05-29 16:00:28.537614,1023.0,2.3400000000000003,0.0,0.0,0.0,0.0
2018-05-29 16:00:28.739674,1023.0,2.3400000000000003,0.0,0.0,0.0,0.0
2018-05-29 16:00:28.957740,1023.0,2.3400000000000003,0.0,0.0,0.0,0.0
2018-05-29 16:00:29.165802,1023.0,2.3600000000000003,0.0,0.0,0.0,0.0
2018-05-29 16:00:29.372864,1023.0,2.3600000000000003,0.0,0.0,0.0,0.0
2018-05-29 16:00:29.595931,1023.0,2.3600000000000003,0.0,0.0,0.0,0.0
2018-05-29 16:00:29.820999,1023.0,2.3600000000000003,0.0,0.0,0.0,0.0
2018-05-29 16:00:30.022059,1023.0,2.3600000000000003,0.0,0.0,0.0,0.0
2018-05-29 16:00:30.225120,1023.0,2.3800000000000003,0.0,0.0,0.0,0.0
2018-05-29 16:00:30.432182,1023.0,2.3800000000000003,0.0,0.0,0.0,0.0
2018-05-29 16:00:30.633242,1023.0,2.3800000000000003,0.0,0.0,0.0,0.0
2018-05-29 16:00:30.854308,1023.0,2.3800000000000003,0.0,0.0,0.0,0.0
2018-05-29 16:00:31.061371,1023.0,2.3800000000000003,0.0,0.0,0.0,0.0
2018-05-29 16:00:31.267432,1023.0,2.4000000000000004,0.0,0.0,0.0,0.0
2018-05-29 16:00:31.484497,1023.0,2.4000000000000004,0.0,0.0,0.0,0.0
2018-05-29 16:00:31.690559,1023.0,2.4000000000000004,0.0,0.0,0.0,0.0
2018-05-29 16:00:31.899622,1023.0,2.4000000000000004,0.0,0.0,0.0,0.0
2018-05-29 16:00:32.108685,1023.0,2.4000000000000004,0.0,0.0,0.0,0.0
2018-05-29 16:00:32.319748,1023.0,2.4200000000000004,0.0,0.0,0.0,0.0
2018-05-29 16:00:32.524809,1023.0,2.4200000000000004,0.0,0.0,0.0,0.0
2018-05-29 16:00:32.729871,1023.0,2.4200000000000004,0.0,0.0,0.0,0.0
2018-05-29 16:00:32.931932,1023.0,2.4200000000000004,0.0,0.0,0.0,0.0
2018-05-29 16:00:33.134992,1023.0,2.4400000000000004,0.0,0.0,0.0,0.0
2018-05-29 16:00:33.341054,1023.0,2.4400000000000004,0.0,0.0,0.0,0.0
2018-05-29 16:00:33.546116,1023.0,2.4400000000000004,0.0,0.0,0.0,0.0
2018-05-29 16:00:33.752178,1023.0,2.4400000000000004,0.0,0.0,0.0,0.0
2018-05-29 16:00:33.955238,1023.0,2.4400000000000004,0.0,0.0,0.0,0.0
2018-05-29 16:00:34.155298,1023.0,2.4600000000000004,0.0,0.0,0.0,0.0
2018-05-29 16:00:34.359360,1023.0,2.4600000000000004,0.0,0.0,0.0,0.0
2018-05-29 16:00:34.562421,1023.0,2.4600000000000004,0.0,0.0,0.0,0.0
2018-05-29 16:00:34.768482,1023.0,2.4600000000000004,0.0,0.0,0.0,0.0
2018-05-29 16:00:34.973544,1023.0,2.4600000000000004,0.0,0.0,0.0,0.0
2018-05-29 16:00:35.174604,1023.0,2.4800000000000004,0.0,0.0,0.0,0.0
2018-05-29 16:00:35.400672,1023.0,2.4800000000000004,0.0,0.0,0.0,0.0
2018-05-29 16:00:35.604733,1023.0,2.4800000000000004,0.0,0.0,0.0,0.0
2018-05-29 16:00:35.809795,1023.0,2.4800000000000004,0.0,0.0,0.0,0.0
2018-05-29 16:00:36.022859,1023.0,2.4800000000000004,0.0,0.0,0.0,0.0
2018-05-29 16:00:36.224919,1023.0,2.5,0.0,0.0,0.0,0.0
2018-05-29 16:00:36.442985,1023.0,2.5,0.0,0.0,0.0,0.0
2018-05-29 16:00:36.647046,1023.0,2.5,0.0,0.0,0.0,0.0
2018-05-29 16:00:36.853108,1023.0,2.5,0.0,0.0,0.0,0.0
2018-05-29 16:00:37.063171,1023.0,2.5,0.0,0.0,0.0,0.0
2018-05-29 16:00:37.267232,1023.0,2.5,0.0,0.0,0.0,40.0
2018-05-29 16:00:37.471293,1023.0,2.5,0.0,0.0,0.0,40.0
2018-05-29 16:00:37.674354,1023.0,2.5,0.0,0.0,0.0,40.0
2018-05-29 16:00:37.882416,1023.0,2.5,0.0,0.0,0.0,40.0
2018-05-29 16:00:38.085477,1023.0,2.5,0.0,0.0,0.0,40.0
2018-05-29 16:00:38.294540,1023.0,2.5,0.0,0.0,0.0,80.0
2018-05-29 16:00:38.498601,1023.0,2.5,0.0,0.0,0.0,80.0
2018-05-29 16:00:38.701662,1023.0,2.5,0.0,0.0,0.0,80.0
2018-05-29 16:00:38.907724,1023.0,2.5,0.0,0.0,0.0,80.0
2018-05-29 16:00:39.110785,1023.0,2.5,0.0,0.0,0.0,80.0
2018-05-29 16:00:39.316846,1023.0,2.5,0.0,0.0,0.0,120.0
2018-05-29 16:00:39.522908,1023.0,2.5,0.0,0.0,0.0,120.0
2018-05-29 16:00:39.727970,1023.0,2.5,0.0,0.0,0.0,120.0
2018-05-29 16:00:39.950036,1023.0,2.5,0.0,0.0,0.0,120.0
2018-05-29 16:00:40.154098,1023.0,2.5,0.0,0.0,0.0,160.0
2018-05-29 16:00:40.360159,1023.0,2.5,0.0,0.0,0.0,160.0
2018-05-29 16:00:40.566221,1023.0,2.5,0.0,0.0,0.0,160.0
2018-05-29 16:00:40.767281,1023.0,2.5,0.0,0.0,0.0,160.0
2018-05-29 16:00:40.997350,1023.0,2.5,0.0,0.0,0.0,160.0
2018-05-29 16:00:41.201412,1023.0,2.5,0.0,0.0,0.0,200.0
2018-05-29 16:00:41.403472,1023.0,2.5,0.0,0.0,0.0,200.0
2018-05-29 16:00:41.611535,1023.0,2.5,0.0,0.0,0.0,200.0
2018-05-29 16:00:41.816596,1023.0,2.5,0.0,0.0,0.0,200.0
2018-05-29 16:00:42.024659,1023.0,2.5,0.0,0.0,0.0,200.0
2018-05-29 16:00:42.227719,1023.0,2.5,0.0,0.0,0.0,240.0
2018-05-29 16:00:42.429780,1023.0,2.5,0.0,0.0,0.0,240.0
2018-05-29 16:00:42.646845,1023.0,2.5,0.0,0.0,0.0,240.0
2018-05-29 16:00:42.848906,1023.0,2.5,0.0,0.0,0.0,240.0
2018-05-29 16:00:43.057968,1023.0,2.5,0.0,0.0,0.0,240.0
2018-05-29 16:00:43.265031,1023.0,2.5,0.0,0.0,0.0,280.0
2018-05-29 16:00:43.476094,1023.0,2.5,0.0,0.0,0.0,280.0
2018-05-29 16:00:43.678154,1023.0,2.5,0.0,0.0,0.0,280.0
2018-05-29 16:00:43.885217,1023.0,2.5,0.0,0.0,0.0,280.0
2018-05-29 16:00:44.091278,1023.0,2.5,0.0,0.0,0.0,280.0
2018-05-29 16:00:44.294339,1023.0,2.5,0.0,0.0,0.0,320.0
2018-05-29 16:00:44.506403,1023.0,2.5,0.0,0.0,0.0,320.0
2018-05-29 16:00:44.711464,1023.0,2.5,0.0,0.0,0.0,320.0
2018-05-29 16:00:44.913525,1023.0,2.5,0.0,0.0,0.0,320.0
2018-05-29 16:00:45.120587,1023.0,2.5,0.0,0.0,0.0,320.0
2018-05-29 16:00:45.325649,1023.0,2.5,0.0,0.0,0.0,360.0
2018-05-29 16:00:45.559719,1023.0,2.5,0.0,0.0,0.0,360.0
2018-05-29 16:00:45.850806,1023.0,2.5,0.0,0.0,0.0,360.0
2018-05-29 16:00:46.055868,1023.0,2.5,0.0,0.0,0.0,360.0
2018-05-29 16:00:46.263930,1023.0,2.5,0.0,0.0,0.0,400.0
2018-05-29 16:00:46.472993,1023.0,2.5,0.0,0.0,0.0,400.0
2018-05-29 16:00:46.688057,1023.0,2.5,0.0,0.0,0.0,400.0
2018-05-29 16:00:46.893119,1023.0,2.5,0.0,0.0,0.0,400.0
2018-05-29 16:00:47.097180,1023.0,2.5,0.0,0.0,0.0,400.0
2018-05-29 16:00:47.297240,1023.0,2.5,0.0,0.0,0.0,440.0
2018-05-29 16:00:47.504302,1023.0,2.5,0.0,0.0,0.0,440.0
2018-05-29 16:00:47.720367,1023.0,2.5,0.0,0.0,0.0,440.0
2018-05-29 16:00:47.925428,1023.0,2.5,0.0,0.0,0.0,440.0
2018-05-29 16:00:48.133491,1023.0,2.5,0.0,0.0,0.0,440.0
2018-05-29 16:00:48.337552,1023.0,2.5,0.0,0.0,0.0,480.0
2018-05-29 16:00:48.546615,1023.0,2.5,0.0,0.0,0.0,480.0
2018-05-29 16:00:48.750676,1023.0,2.5,0.0,0.0,0.0,480.0
2018-05-29 16:00:48.958738,1023.0,2.5,0.0,0.0,0.0,480.0
2018-05-29 16:00:49.160799,1023.0,2.5,0.0,0.0,0.0,480.0
2018-05-29 16:00:49.366861,1023.0,2.5,0.0,0.0,0.0,520.0
2018-05-29 16:00:49.579924,1023.0,2.5,0.0,0.0,0.0,520.0
2018-05-29 16:00:49.782985,1023.0,2.5,0.0,0.0,0.0,520.0
2018-05-29 16:00:49.985046,1023.0,2.5,0.0,0.0,0.0,520.0
2018-05-29 16:00:50.190107,1023.0,2.5,0.0,0.0,0.0,560.0
2018-05-29 16:00:50.397170,1023.0,2.5,0.0,0.0,0.0,560.0
2018-05-29 16:00:50.622237,1023.0,2.5,0.0,0.0,0.0,560.0
2018-05-29 16:00:50.829299,1023.0,2.5,0.0,0.0,0.0,560.0
2018-05-29 16:00:51.034361,1023.0,2.5,0.0,0.0,0.0,560.0
2018-05-29 16:00:51.248425,1023.0,2.5,0.0,0.0,0.0,600.0
2018-05-29 16:00:51.452486,1023.0,2.5,0.0,0.0,0.0,600.0
2018-05-29 16:00:51.662549,1023.0,2.5,0.0,0.0,0.0,600.0
2018-05-29 16:00:51.871612,1023.0,2.5,0.0,0.0,0.0,600.0
2018-05-29 16:00:52.078674,1023.0,2.5,0.0,0.0,0.0,600.0
2018-05-29 16:00:52.283735,1023.0,2.5,0.0,0.0,0.0,640.0
2018-05-29 16:00:52.488797,1023.0,2.5,0.0,0.0,0.0,640.0
2018-05-29 16:00:52.694859,1023.0,2.5,0.0,0.0,0.0,640.0
2018-05-29 16:00:52.900920,1023.0,2.5,0.0,0.0,0.0,640.0
2018-05-29 16:00:53.118986,1023.0,2.5,0.0,0.0,0.0,640.0
2018-05-29 16:00:53.326048,1023.0,2.5,0.0,0.0,0.0,680.0
2018-05-29 16:00:53.534110,1023.0,2.5,0.0,0.0,0.0,680.0
2018-05-29 16:00:53.741172,1023.0,2.5,0.0,0.0,0.0,680.0
2018-05-29 16:00:53.948235,1023.0,2.5,0.0,0.0,0.0,680.0
2018-05-29 16:00:54.161298,1023.0,2.5,0.0,0.0,0.0,680.0
2018-05-29 16:00:54.369361,1023.0,2.5,0.0,0.0,0.0,720.0
2018-05-29 16:00:54.575423,1023.0,2.5,0.0,0.0,0.0,720.0
2018-05-29 16:00:54.789487,1023.0,2.5,0.0,0.0,0.0,720.0
2018-05-29 16:00:54.993548,1023.0,2.5,0.0,0.0,0.0,720.0
2018-05-29 16:00:55.198610,1023.0,2.5,0.0,0.0,0.0,750.0
2018-05-29 16:00:55.400670,1023.0,2.5,0.0,0.0,0.0,750.0
2018-05-29 16:00:55.600730,1023.0,2.5,0.0,0.0,0.0,750.0
2018-05-29 16:00:55.808793,1023.0,2.5,0.0,0.0,0.0,750.0
2018-05-29 16:00:56.014854,1023.0,2.5,0.0,0.0,0.0,750.0
2018-05-29 16:00:56.220916,1023.0,2.5,0.0,400.0,0.0,750.0
2018-05-29 16:00:56.420976,1023.0,2.5,0.0,400.0,0.0,750.0
2018-05-29 16:00:56.623037,1023.0,2.5,0.0,400.0,0.0,750.0
2018-05-29 16:00:56.832099,1023.0,2.5,0.0,400.0,0.0,750.0
2018-05-29 16:00:57.039162,1023.0,2.5,0.0,400.0,0.0,750.0
2018-05-29 16:00:57.246224,1023.0,2.5,0.0,800.0,0.0,750.0
2018-05-29 16:00:57.452285,1023.0,2.5,0.0,800.0,0.0,750.0
2018-05-29 16:00:57.662348,1023.0,2.5,0.0,800.0,0.0,750.0
2018-05-29 16:00:57.867410,1023.0,2.5,0.0,800.0,0.0,750.0
2018-05-29 16:00:58.075472,1023.0,2.5,0.0,800.0,0.0,750.0
2018-05-29 16:00:58.279534,1023.0,2.5,0.0,1200.0,0.0,750.0
2018-05-29 16:00:58.484595,1023.0,2.5,0.0,1200.0,0.0,750.0
2018-05-29 16:00:58.690657,1023.0,2.5,0.0,1200.0,0.0,750.0
2018-05-29 16:00:58.894718,1023.0,2.5,0.0,1200.0,0.0,750.0
2018-05-29 16:00:59.109783,1023.0,2.5,0.0,1200.0,0.0,750.0
2018-05-29 16:00:59.317845,1023.0,2.5,0.0,1600.0,0.0,750.0
2018-05-29 16:00:59.521906,1023.0,2.5,0.0,1600.0,0.0,750.0
2018-05-29 16:00:59.745973,1023.0,2.5,0.0,1600.0,0.0,750.0
2018-05-29 16:00:59.950035,1023.0,2.5,0.0,1600.0,0.0,750.0
2018-05-29 16:01:00.152095,1023.0,2.5,0.0,1600.0,0.0,750.0
2018-05-29 16:01:00.362158,1023.0,2.5,0.0,2000.0,0.0,750.0
2018-05-29 16:01:00.563218,1023.0,2.5,0.0,2000.0,0.0,750.0
2018-05-29 16:01:00.789286,1023.0,2.5,0.0,2000.0,0.0,750.0
2018-05-29 16:01:00.993347,1023.0,2.5,0.0,2000.0,0.0,750.0
2018-05-29 16:01:01.201410,1023.0,2.5,0.0,2400.0,0.0,750.0
2018-05-29 16:01:01.410473,1023.0,2.5,0.0,2400.0,0.0,750.0
2018-05-29 16:01:01.620536,1023.0,2.5,0.0,2400.0,0.0,750.0
2018-05-29 16:01:01.830599,1023.0,2.5,0.0,2400.0,0.0,750.0
2018-05-29 16:01:02.035660,1023.0,2.5,0.0,2400.0,0.0,750.0
2018-05-29 16:01:02.242722,1023.0,2.5,0.0,2800.0,0.0,750.0
2018-05-29 16:01:02.444783,1023.0,2.5,0.0,2800.0,0.0,750.0
2018-05-29 16:01:02.654846,1023.0,2.5,0.0,2800.0,0.0,750.0
2018-05-29 16:01:02.859907,1023.0,2.5,0.0,2800.0,0.0,750.0
2018-05-29 16:01:03.058967,1023.0,2.5,0.0,2800.0,0.0,750.0
2018-05-29 16:01:03.268030,1023.0,2.5,0.0,3200.0,0.0,750.0
2018-05-29 16:01:03.475092,1023.0,2.5,0.0,3200.0,0.0,750.0
2018-05-29 16:01:03.680153,1023.0,2.5,0.0,3200.0,0.0,750.0
2018-05-29 16:01:03.890216,1023.0,2.5,0.0,3200.0,0.0,750.0
2018-05-29 16:01:04.091277,1023.0,2.5,0.0,3200.0,0.0,750.0
2018-05-29 16:01:04.315344,1023.0,2.5,0.0,3600.0,0.0,750.0
2018-05-29 16:01:04.516404,1023.0,2.5,0.0,3600.0,0.0,750.0
2018-05-29 16:01:04.718465,1023.0,2.5,0.0,3600.0,0.0,750.0
2018-05-29 16:01:04.926527,1023.0,2.5,0.0,3600.0,0.0,750.0
2018-05-29 16:01:05.127587,1023.0,2.5,0.0,3600.0,0.0,750.0
2018-05-29 16:01:05.357656,1023.0,2.5,0.0,4000.0,0.0,750.0
2018-05-29 16:01:05.565719,1023.0,2.5,0.0,4000.0,0.0,750.0
2018-05-29 16:01:05.766779,1023.0,2.5,0.0,4000.0,0.0,750.0
2018-05-29 16:01:05.982844,1023.0,2.5,0.0,4000.0,0.0,750.0
2018-05-29 16:01:06.189906,1023.0,2.5,0.0,4000.0,0.0,750.0
2018-05-29 16:01:06.391967,1023.0,2.5,0.0,4400.0,0.0,750.0
2018-05-29 16:01:06.596028,1023.0,2.5,0.0,4400.0,0.0,750.0
2018-05-29 16:01:06.798088,1023.0,2.5,0.0,4400.0,0.0,750.0
2018-05-29 16:01:07.001149,1023.0,2.5,0.0,4400.0,0.0,750.0
2018-05-29 16:01:07.216214,1023.0,2.5,0.0,4400.0,0.0,750.0
2018-05-29 16:01:07.439281,1023.0,2.5,0.0,4800.0,0.0,750.0
2018-05-29 16:01:07.652345,1023.0,2.5,0.0,4800.0,0.0,750.0
2018-05-29 16:01:07.879413,1023.0,2.5,0.0,4800.0,0.0,750.0
2018-05-29 16:01:08.080473,1023.0,2.5,0.0,4800.0,0.0,750.0
2018-05-29 16:01:08.287535,1023.0,2.5,0.0,5200.0,0.0,750.0
2018-05-29 16:01:08.501599,1023.0,2.5,0.0,5200.0,0.0,750.0
2018-05-29 16:01:08.717664,1023.0,2.5,0.0,5200.0,0.0,750.0
2018-05-29 16:01:08.925726,1023.0,2.5,0.0,5200.0,0.0,750.0
2018-05-29 16:01:09.135789,1023.0,2.5,0.0,5200.0,0.0,750.0
2018-05-29 16:01:09.337850,1023.0,2.5,0.0,5600.0,0.0,750.0
2018-05-29 16:01:09.568919,1023.0,2.5,0.0,5600.0,0.0,750.0
2018-05-29 16:01:09.777982,1023.0,2.5,0.0,5600.0,0.0,750.0
2018-05-29 16:01:09.984044,1023.0,2.5,0.0,5600.0,0.0,750.0
2018-05-29 16:01:10.184104,1023.0,2.5,0.0,5600.0,0.0,750.0
2018-05-29 16:01:10.406170,1023.0,2.5,0.0,6000.0,0.0,750.0
2018-05-29 16:01:10.608231,1023.0,2.5,0.0,6000.0,0.0,750.0
2018-05-29 16:01:10.827297,1023.0,2.5,0.0,6000.0,0.0,750.0
2018-05-29 16:01:11.040361,1023.0,2.5,0.0,6000.0,0.0,750.0
2018-05-29 16:01:11.242421,1023.0,2.5,0.0,6400.0,0.0,750.0
2018-05-29 16:01:11.446482,1023.0,2.5,0.0,6400.0,0.0,750.0
2018-05-29 16:01:11.648543,1023.0,2.5,0.0,6400.0,0.0,750.0
2018-05-29 16:01:11.849603,1023.0,2.5,0.0,6400.0,0.0,750.0
2018-05-29 16:01:12.067669,1023.0,2.5,0.0,6400.0,0.0,750.0
2018-05-29 16:01:12.275731,1023.0,2.5,0.0,6800.0,0.0,750.0
2018-05-29 16:01:12.483794,1023.0,2.5,0.0,6800.0,0.0,750.0
2018-05-29 16:01:12.688855,1023.0,2.5,0.0,6800.0,0.0,750.0
2018-05-29 16:01:12.974941,1023.0,2.5,0.0,6800.0,0.0,750.0
2018-05-29 16:01:13.194007,1023.0,2.5,0.0,6800.0,0.0,750.0
2018-05-29 16:01:13.396067,1023.0,2.5,0.0,7200.0,0.0,750.0
2018-05-29 16:01:13.600128,1023.0,2.5,0.0,7200.0,0.0,750.0
2018-05-29 16:01:13.803189,1023.0,2.5,0.0,7200.0,0.0,750.0
2018-05-29 16:01:14.005250,1023.0,2.5,0.0,7200.0,0.0,750.0
2018-05-29 16:01:14.210311,1023.0,2.5,0.0,7200.0,0.0,750.0
2018-05-29 16:01:14.419374,1023.0,2.5,0.0,7600.0,0.0,750.0
2018-05-29 16:01:14.621435,1023.0,2.5,0.0,7600.0,0.0,750.0
2018-05-29 16:01:14.824496,1023.0,2.5,0.0,7600.0,0.0,750.0
2018-05-29 16:01:15.027556,1023.0,2.5,0.0,7600.0,0.0,750.0
2018-05-29 16:01:15.231618,1023.0,2.5,0.0,7600.0,0.0,750.0
2018-05-29 16:01:15.434679,1023.0,2.5,0.0,8000.0,0.0,750.0
2018-05-29 16:01:15.635739,1023.0,2.5,0.0,8000.0,0.0,750.0
2018-05-29 16:01:15.839800,1023.0,2.5,0.0,8000.0,0.0,750.0
2018-05-29 16:01:16.040860,1023.0,2.5,0.0,8000.0,0.0,750.0
2018-05-29 16:01:16.241921,1023.0,2.5,0.0,8400.0,0.0,750.0
2018-05-29 16:01:16.454985,1023.0,2.5,0.0,8400.0,0.0,750.0
2018-05-29 16:01:16.656045,1023.0,2.5,0.0,8400.0,0.0,750.0
2018-05-29 16:01:16.860106,1023.0,2.5,0.0,8400.0,0.0,750.0
2018-05-29 16:01:17.063167,1023.0,2.5,0.0,8400.0,0.0,750.0
2018-05-29 16:01:17.265228,1023.0,2.5,0.0,8800.0,0.0,750.0
2018-05-29 16:01:17.479292,1023.0,2.5,0.0,8800.0,0.0,750.0
2018-05-29 16:01:17.682353,1023.0,2.5,0.0,8800.0,0.0,750.0
2018-05-29 16:01:17.884413,1023.0,2.5,0.0,8800.0,0.0,750.0
2018-05-29 16:01:18.087474,1023.0,2.5,0.0,8800.0,0.0,750.0
2018-05-29 16:01:18.290535,1023.0,2.5,0.0,9200.0,0.0,750.0
2018-05-29 16:01:18.518603,1023.0,2.5,0.0,9200.0,0.0,750.0
2018-05-29 16:01:18.720664,1023.0,2.5,0.0,9200.0,0.0,750.0
2018-05-29 16:01:18.930727,1023.0,2.5,0.0,9200.0,0.0,750.0
2018-05-29 16:01:19.140790,1023.0,2.5,0.0,9200.0,0.0,750.0
2018-05-29 16:01:19.348852,1023.0,2.5,0.0,9600.0,0.0,750.0
2018-05-29 16:01:19.559916,1023.0,2.5,0.0,9600.0,0.0,750.0
2018-05-29 16:01:19.760976,1023.0,2.5,0.0,9600.0,0.0,750.0
2018-05-29 16:01:19.962036,1023.0,2.5,0.0,9600.0,0.0,750.0
2018-05-29 16:01:20.171099,1023.0,2.5,0.0,9600.0,0.0,750.0
2018-05-29 16:01:20.372159,1023.0,2.5,0.0,10000.0,0.0,750.0
2018-05-29 16:01:20.579221,1023.0,2.5,0.0,10000.0,0.0,750.0
2018-05-29 16:01:20.780282,1023.0,2.5,0.0,10000.0,0.0,750.0
2018-05-29 16:01:20.986344,1023.0,2.5,0.0,10000.0,0.0,750.0
2018-05-29 16:01:21.196407,1023.0,2.5,0.0,10000.0,0.0,750.0
2018-05-29 16:01:21.399467,1023.0,2.5,0.0,10400.0,0.0,750.0
2018-05-29 16:01:21.603529,1023.0,2.5,0.0,10400.0,0.0,750.0
2018-05-29 16:01:21.808590,1023.0,2.5,0.0,10400.0,0.0,750.0
2018-05-29 16:01:22.008650,1023.0,2.5,0.0,10400.0,0.0,750.0
2018-05-29 16:01:22.209710,1023.0,2.5,0.0,10400.0,0.0,750.0
2018-05-29 16:01:22.419773,1023.0,2.5,0.0,10800.0,0.0,750.0
2018-05-29 16:01:22.629836,1023.0,2.5,0.0,10800.0,0.0,750.0
2018-05-29 16:01:22.841900,1023.0,2.5,0.0,10800.0,0.0,750.0
2018-05-29 16:01:23.075970,1023.0,2.5,0.0,10800.0,0.0,750.0
2018-05-29 16:01:23.285033,1023.0,2.5,0.0,11200.0,0.0,750.0
2018-05-29 16:01:23.517103,1023.0,2.5,0.0,11200.0,0.0,750.0
2018-05-29 16:01:23.741170,1023.0,2.5,0.0,11200.0,0.0,750.0
2018-05-29 16:01:23.966237,1023.0,2.5,0.0,11200.0,0.0,750.0
2018-05-29 16:01:24.179301,1023.0,2.5,0.0,11200.0,0.0,750.0
2018-05-29 16:01:24.381362,1023.0,2.5,0.0,11600.0,0.0,750.0
2018-05-29 16:01:24.619433,1023.0,2.5,0.0,11600.0,0.0,750.0
2018-05-29 16:01:24.821494,1023.0,2.5,0.0,11600.0,0.0,750.0
2018-05-29 16:01:25.025555,1023.0,2.5,0.0,11600.0,0.0,750.0
2018-05-29 16:01:25.238619,1023.0,2.5,0.0,11600.0,0.0,750.0
2018-05-29 16:01:25.443680,1023.0,2.5,0.0,12000.0,0.0,750.0
2018-05-29 16:01:25.654744,1023.0,2.5,0.0,12000.0,0.0,750.0
2018-05-29 16:01:25.858805,1023.0,2.5,0.0,12000.0,0.0,750.0
2018-05-29 16:01:26.063866,1023.0,2.5,0.0,12000.0,0.0,750.0
2018-05-29 16:01:26.266927,1023.0,2.5,0.0,12000.0,0.0,750.0
2018-05-29 16:01:26.470988,1023.0,2.5,0.0,12000.0,0.0,750.0
2018-05-29 16:01:26.705059,1023.0,2.5,0.0,12000.0,0.0,750.0
2018-05-29 16:01:26.958135,1023.0,2.5,0.0,12000.0,0.0,750.0
2018-05-29 16:01:27.171198,1023.0,2.5,0.0,12000.0,0.0,750.0
2018-05-29 16:01:27.386263,1023.0,2.5,0.0,12000.0,0.0,750.0
2018-05-29 16:01:27.595326,1023.0,2.5,0.0,12000.0,0.0,750.0
2018-05-29 16:01:27.815392,1023.0,2.5,0.0,12000.0,0.0,750.0
2018-05-29 16:01:28.018453,1023.0,2.5,0.0,12000.0,0.0,750.0
2018-05-29 16:01:28.219513,1023.0,2.5,0.0,12000.0,0.0,750.0
2018-05-29 16:01:28.429576,1023.0,2.5,0.0,12000.0,0.0,750.0
2018-05-29 16:01:28.642640,1023.0,2.5,0.0,12000.0,0.0,750.0
2018-05-29 16:01:28.857704,1023.0,2.5,0.0,12000.0,0.0,750.0
2018-05-29 16:01:29.060765,1023.0,2.5,0.0,12000.0,0.0,750.0
2018-05-29 16:01:29.262826,1023.0,2.5,0.0,12000.0,0.0,750.0
2018-05-29 16:01:29.465887,1023.0,2.5,0.0,12000.0,0.0,750.0
2018-05-29 16:01:29.693955,1023.0,2.5,0.0,12000.0,0.0,750.0
2018-05-29 16:01:29.897016,1023.0,2.5,0.0,12000.0,0.0,750.0
2018-05-29 16:01:30.101077,1023.0,2.5,0.0,12000.0,0.0,750.0
2018-05-29 16:01:30.311140,1023.0,2.5,0.0,12000.0,0.0,750.0
2018-05-29 16:01:30.516202,1023.0,2.5,0.0,12000.0,0.0,750.0
2018-05-29 16:01:30.722263,1023.0,2.5,0.0,12000.0,0.0,750.0
2018-05-29 16:01:30.924324,1023.0,2.5,0.0,12000.0,0.0,750.0
2018-05-29 16:01:31.126385,1023.0,2.5,0.0,12000.0,0.0,750.0
2018-05-29 16:01:31.327445,1023.0,2.5,0.0,12000.0,0.0,750.0
2018-05-29 16:01:31.543510,1023.0,2.5,0.0,12000.0,0.0,750.0
2018-05-29 16:01:31.756574,1023.0,2.5,0.0,12000.0,0.0,750.0
2018-05-29 16:01:31.965636,1023.0,2.5,0.0,12000.0,0.0,750.0
2018-05-29 16:01:32.171698,1023.0,2.5,0.0,12000.0,0.0,750.0
2018-05-29 16:01:32.378760,1023.0,2.5,0.0,12000.0,0.0,750.0
2018-05-29 16:01:32.595825,1023.0,2.5,0.0,12000.0,0.0,750.0
2018-05-29 16:01:32.819893,1023.0,2.5,0.0,12000.0,0.0,750.0
2018-05-29 16:01:33.071968,1023.0,2.5,0.0,12000.0,0.0,750.0
2018-05-29 16:01:33.296035,1023.0,2.5,0.0,12000.0,0.0,750.0
2018-05-29 16:01:33.690154,1023.0,2.5,0.0,12000.0,0.0,750.0
2018-05-29 16:01:33.964236,1023.0,2.5,0.0,12000.0,0.0,750.0
2018-05-29 16:01:34.180301,1023.0,2.5,0.0,12000.0,0.0,750.0
2018-05-29 16:01:34.382361,1023.0,2.5,0.0,12000.0,0.0,750.0
2018-05-29 16:01:34.586422,1023.0,2.5,0.0,12000.0,0.0,750.0
2018-05-29 16:01:34.788483,1023.0,2.5,0.0,12000.0,0.0,750.0
2018-05-29 16:01:34.995545,1023.0,2.5,0.0,12000.0,0.0,750.0
2018-05-29 16:01:35.247621,1023.0,2.5,0.0,12000.0,0.0,750.0
2018-05-29 16:01:35.496695,1023.0,2.5,0.0,12000.0,0.0,750.0
2018-05-29 16:01:35.871808,1023.0,2.5,0.0,12000.0,0.0,750.0
2018-05-29 16:01:36.220913,1023.0,2.5,0.0,12000.0,0.0,750.0
2018-05-29 16:01:36.460985,1023.0,2.5,0.0,12000.0,0.0,750.0
2018-05-29 16:01:36.677049,1023.0,2.5,0.0,12000.0,0.0,750.0
2018-05-29 16:01:37.025154,1023.0,2.5,0.0,12000.0,0.0,750.0
2018-05-29 16:01:37.285232,1023.0,2.5,0.0,12000.0,0.0,750.0
2018-05-29 16:01:37.488293,1023.0,2.5,0.0,12000.0,0.0,750.0
2018-05-29 16:01:37.709359,1023.0,2.5,0.0,12000.0,0.0,750.0
2018-05-29 16:01:37.993444,1023.0,2.5,0.0,12000.0,0.0,750.0
2018-05-29 16:01:38.214510,1023.0,2.5,0.0,12000.0,0.0,750.0
2018-05-29 16:01:38.416571,1023.0,2.5,0.0,12000.0,0.0,750.0
2018-05-29 16:01:38.620632,1023.0,2.5,0.0,12000.0,0.0,750.0
2018-05-29 16:01:38.830695,1023.0,2.5,0.0,12000.0,0.0,750.0
2018-05-29 16:01:39.099776,1023.0,2.5,0.0,12000.0,0.0,750.0
2018-05-29 16:01:39.324843,1023.0,2.5,0.0,12000.0,0.0,750.0
2018-05-29 16:01:39.529905,1023.0,2.5,0.0,12000.0,0.0,750.0
2018-05-29 16:01:39.737967,1023.0,2.5,0.0,12000.0,0.0,750.0
2018-05-29 16:01:39.942029,1023.0,2.5,0.0,12000.0,0.0,750.0
2018-05-29 16:01:40.156093,1023.0,2.5,0.0,12000.0,0.0,750.0
2018-05-29 16:01:40.375158,1023.0,2.5,0.0,12000.0,0.0,750.0
2018-05-29 16:01:40.652242,1023.0,2.5,0.0,12000.0,0.0,750.0
2018-05-29 16:01:40.922323,1023.0,2.5,0.0,12000.0,0.0,750.0
2018-05-29 16:01:41.125383,1023.0,2.5,0.0,12000.0,0.0,750.0
2018-05-29 16:01:41.351451,1023.0,2.5,0.0,12000.0,0.0,750.0
2018-05-29 16:01:41.607528,1023.0,2.5,0.0,12000.0,0.0,750.0
2018-05-29 16:01:41.834596,1023.0,2.5,0.0,12000.0,0.0,750.0
2018-05-29 16:01:42.069667,1023.0,2.5,0.0,12000.0,0.0,750.0
2018-05-29 16:01:42.293734,1023.0,2.5,0.0,12000.0,0.0,750.0
2018-05-29 16:01:42.496795,1023.0,2.5,0.0,12000.0,0.0,750.0
2018-05-29 16:01:42.730865,1023.0,2.5,0.0,12000.0,0.0,750.0
2018-05-29 16:01:42.981940,1023.0,2.5,0.0,12000.0,0.0,750.0
2018-05-29 16:01:43.191003,1023.0,2.5,0.0,12000.0,0.0,750.0
2018-05-29 16:01:43.398065,1023.0,2.5,0.0,12000.0,0.0,750.0
2018-05-29 16:01:43.599125,1023.0,2.5,0.0,12000.0,0.0,750.0
2018-05-29 16:01:43.802186,1023.0,2.5,0.0,12000.0,0.0,750.0
2018-05-29 16:01:44.006247,1023.0,2.5,0.0,12000.0,0.0,750.0
2018-05-29 16:01:44.209308,1023.0,2.5,0.0,12000.0,0.0,750.0
2018-05-29 16:01:44.418371,1023.0,2.5,0.0,12000.0,0.0,750.0
2018-05-29 16:01:44.630435,1023.0,2.5,0.0,12000.0,0.0,750.0
2018-05-29 16:01:44.836496,1023.0,2.5,0.0,12000.0,0.0,750.0
2018-05-29 16:01:45.040558,1023.0,2.5,0.0,12000.0,0.0,750.0
2018-05-29 16:01:45.254622,1023.0,2.5,0.0,12000.0,0.0,750.0
2018-05-29 16:01:45.465685,1023.0,2.5,0.0,12000.0,0.0,750.0
2018-05-29 16:01:45.670747,1023.0,2.5,0.0,12000.0,0.0,750.0
2018-05-29 16:01:45.877809,1023.0,2.5,0.0,12000.0,0.0,750.0
2018-05-29 16:01:46.093874,1023.0,2.5,0.0,12000.0,0.0,750.0
2018-05-29 16:01:46.296934,1023.0,2.5,0.0,12000.0,0.0,750.0
2018-05-29 16:01:46.512999,1023.0,2.5,0.0,12000.0,0.0,750.0
2018-05-29 16:01:46.720061,1023.0,2.5,0.0,12000.0,0.0,750.0
2018-05-29 16:01:46.951131,1023.0,2.5,0.0,12000.0,0.0,750.0
2018-05-29 16:01:47.152191,1023.0,2.5,0.0,12000.0,0.0,750.0
2018-05-29 16:01:47.357252,1023.0,2.5,0.0,12000.0,0.0,750.0
2018-05-29 16:01:47.564315,1023.0,2.5,0.0,12000.0,0.0,750.0
2018-05-29 16:01:47.777378,1023.0,2.5,0.0,12000.0,0.0,750.0
2018-05-29 16:01:47.980439,1023.0,2.5,0.0,12000.0,0.0,750.0
2018-05-29 16:01:48.187501,1023.0,2.5,0.0,12000.0,0.0,750.0
2018-05-29 16:01:48.389562,1023.0,2.5,0.0,12000.0,0.0,750.0
2018-05-29 16:01:48.592623,1023.0,2.5,0.0,12000.0,0.0,750.0
2018-05-29 16:01:48.799685,1023.0,2.5,0.0,12000.0,0.0,750.0
2018-05-29 16:01:49.002746,1023.0,2.5,0.0,12000.0,0.0,750.0
2018-05-29 16:01:49.207807,1023.0,2.5,0.0,12000.0,0.0,750.0
2018-05-29 16:01:49.415870,1023.0,2.5,0.0,12000.0,0.0,750.0
2018-05-29 16:01:49.618931,1023.0,2.5,0.0,12000.0,0.0,750.0
2018-05-29 16:01:49.820991,1023.0,2.5,0.0,12000.0,0.0,750.0
2018-05-29 16:01:50.024052,1023.0,2.5,0.0,12000.0,0.0,750.0
2018-05-29 16:01:50.225113,1023.0,2.5,0.0,12000.0,0.0,750.0
2018-05-29 16:01:50.427173,1023.0,2.5,0.0,12000.0,0.0,750.0
2018-05-29 16:01:50.631234,1023.0,2.5,0.0,12000.0,0.0,750.0
2018-05-29 16:01:50.834295,1023.0,2.5,0.0,12000.0,0.0,750.0
2018-05-29 16:01:51.037356,1023.0,2.5,0.0,12000.0,0.0,750.0
2018-05-29 16:01:51.240417,1023.0,2.5,0.0,12000.0,0.0,750.0
2018-05-29 16:01:51.451480,1023.0,2.5,0.0,12000.0,0.0,750.0
2018-05-29 16:01:51.678548,1023.0,2.5,0.0,12000.0,0.0,750.0
2018-05-29 16:01:51.884610,1023.0,2.5,0.0,12000.0,0.0,750.0
2018-05-29 16:01:52.108677,1023.0,2.5,0.0,12000.0,0.0,750.0
2018-05-29 16:01:52.409768,1023.0,2.5,0.0,12000.0,0.0,750.0
2018-05-29 16:01:52.616830,1023.0,2.5,0.0,12000.0,0.0,750.0
2018-05-29 16:01:52.818890,1023.0,2.5,0.0,12000.0,0.0,750.0
2018-05-29 16:01:53.022952,1023.0,2.5,0.0,12000.0,0.0,750.0
2018-05-29 16:01:53.225012,1023.0,2.5,0.0,12000.0,0.0,750.0
2018-05-29 16:01:53.427073,1023.0,2.5,0.0,12000.0,0.0,750.0
2018-05-29 16:01:53.637136,1023.0,2.5,0.0,12000.0,0.0,750.0
2018-05-29 16:01:53.843198,1023.0,2.5,0.0,12000.0,0.0,750.0
2018-05-29 16:01:54.049259,1023.0,2.5,0.0,12000.0,0.0,750.0
2018-05-29 16:01:54.255321,1023.0,2.5,0.0,12000.0,0.0,750.0
2018-05-29 16:01:54.458382,1023.0,2.5,0.0,12000.0,0.0,750.0
2018-05-29 16:01:54.660443,1023.0,2.5,0.0,12000.0,0.0,750.0
2018-05-29 16:01:54.861503,1023.0,2.5,0.0,12000.0,0.0,750.0
2018-05-29 16:01:55.065564,1023.0,2.5,0.0,12000.0,0.0,750.0
2018-05-29 16:01:55.283630,1023.0,2.5,0.0,12000.0,0.0,750.0
2018-05-29 16:01:55.489691,1023.0,2.5,0.0,12000.0,0.0,750.0
2018-05-29 16:01:55.697754,1023.0,2.5,0.0,12000.0,0.0,750.0
2018-05-29 16:01:55.902815,1023.0,2.5,0.0,12000.0,0.0,750.0
2018-05-29 16:01:56.197904,1023.0,2.5,0.0,12000.0,0.0,750.0
2018-05-29 16:01:56.459982,1023.0,2.5,0.0,12000.0,0.0,750.0
2018-05-29 16:01:56.737066,1023.0,2.5,0.0,12000.0,0.0,750.0
2018-05-29 16:01:56.978138,1023.0,2.5,0.0,12000.0,0.0,750.0
2018-05-29 16:01:57.209207,1023.0,2.5,0.0,12000.0,0.0,750.0
2018-05-29 16:01:57.411268,1023.0,2.5,0.0,12000.0,0.0,750.0
2018-05-29 16:01:57.613328,1023.0,2.5,0.0,12000.0,0.0,750.0
2018-05-29 16:01:57.814389,1023.0,2.5,0.0,12000.0,0.0,750.0
2018-05-29 16:01:58.028453,1023.0,2.5,0.0,12000.0,0.0,750.0
2018-05-29 16:01:58.236515,1023.0,2.5,0.0,12000.0,0.0,750.0
2018-05-29 16:01:58.464584,1023.0,2.5,0.0,12000.0,0.0,750.0
2018-05-29 16:01:58.687651,1023.0,2.5,0.0,12000.0,0.0,750.0
2018-05-29 16:01:58.980738,1023.0,2.5,0.0,12000.0,0.0,750.0
2018-05-29 16:01:59.262823,1023.0,2.5,0.0,12000.0,0.0,750.0
2018-05-29 16:01:59.545908,1023.0,2.5,0.0,12000.0,0.0,750.0
2018-05-29 16:01:59.754971,1023.0,2.5,0.0,12000.0,0.0,750.0
2018-05-29 16:01:59.960032,1023.0,2.5,0.0,12000.0,0.0,750.0
2018-05-29 16:02:00.162093,1023.0,2.5,0.0,12000.0,0.0,750.0
2018-05-29 16:02:00.364153,1023.0,2.5,0.0,12000.0,0.0,750.0
2018-05-29 16:02:00.570215,1023.0,2.5,0.0,12000.0,0.0,750.0
2018-05-29 16:02:00.770275,1023.0,2.5,0.0,12000.0,0.0,750.0
2018-05-29 16:02:00.981338,1023.0,2.5,0.0,12000.0,0.0,750.0
2018-05-29 16:02:01.182399,1023.0,2.5,0.0,12000.0,0.0,750.0
2018-05-29 16:02:01.384459,1023.0,2.5,0.0,12000.0,0.0,750.0
2018-05-29 16:02:01.595523,1023.0,2.5,0.0,12000.0,0.0,750.0
2018-05-29 16:02:01.823591,1023.0,2.5,0.0,12000.0,0.0,750.0
2018-05-29 16:02:02.027652,1023.0,2.5,0.0,12000.0,0.0,750.0
2018-05-29 16:02:02.243717,1023.0,2.5,0.0,12000.0,0.0,750.0
2018-05-29 16:02:02.448779,1023.0,2.5,0.0,12000.0,0.0,750.0
2018-05-29 16:02:02.690851,1023.0,2.5,0.0,12000.0,0.0,750.0
2018-05-29 16:02:02.923921,1023.0,2.5,0.0,12000.0,0.0,750.0
2018-05-29 16:02:03.126982,1023.0,2.5,0.0,12000.0,0.0,750.0
2018-05-29 16:02:03.330043,1023.0,2.5,0.0,12000.0,0.0,750.0
2018-05-29 16:02:03.534104,1023.0,2.5,0.0,12000.0,0.0,750.0
2018-05-29 16:02:03.779178,1023.0,2.5,0.0,12000.0,0.0,750.0
2018-05-29 16:02:04.012247,1023.0,2.5,0.0,12000.0,0.0,750.0
2018-05-29 16:02:04.230313,1023.0,2.5,0.0,12000.0,0.0,750.0
2018-05-29 16:02:04.435374,1023.0,2.5,0.0,12000.0,0.0,750.0
2018-05-29 16:02:04.638435,1023.0,2.5,0.0,12000.0,0.0,750.0
2018-05-29 16:02:04.839496,1023.0,2.5,0.0,12000.0,0.0,750.0
2018-05-29 16:02:05.041556,1023.0,2.5,0.0,12000.0,0.0,750.0
2018-05-29 16:02:05.259622,1023.0,2.5,0.0,12000.0,0.0,750.0
2018-05-29 16:02:05.459682,1023.0,2.5,0.0,12000.0,0.0,750.0
2018-05-29 16:02:05.667744,1023.0,2.5,0.0,12000.0,0.0,750.0
2018-05-29 16:02:05.871805,1023.0,2.5,0.0,12000.0,0.0,750.0
2018-05-29 16:02:06.074866,1023.0,2.5,0.0,12000.0,0.0,750.0
2018-05-29 16:02:06.274926,1023.0,2.5,0.0,12000.0,0.0,750.0
2018-05-29 16:02:06.475986,1023.0,2.5,0.0,12000.0,0.0,750.0
2018-05-29 16:02:06.684049,1023.0,2.5,0.0,12000.0,0.0,750.0
2018-05-29 16:02:06.888110,1023.0,2.5,0.0,12000.0,0.0,750.0
2018-05-29 16:02:07.118179,1023.0,2.5,0.0,12000.0,0.0,750.0
2018-05-29 16:02:07.319239,1023.0,2.5,0.0,12000.0,0.0,750.0
2018-05-29 16:02:07.524301,1023.0,2.5,0.0,12000.0,0.0,750.0
2018-05-29 16:02:07.792381,1023.0,2.5,0.0,12000.0,0.0,750.0
2018-05-29 16:02:08.000444,1023.0,2.5,0.0,12000.0,0.0,750.0
2018-05-29 16:02:08.206505,1023.0,2.5,0.0,12000.0,0.0,750.0
2018-05-29 16:02:08.429572,1023.0,2.5,0.0,12000.0,0.0,750.0
2018-05-29 16:02:08.636634,1023.0,2.5,0.0,12000.0,0.0,750.0
2018-05-29 16:02:08.852699,1023.0,2.5,0.0,12000.0,0.0,750.0
2018-05-29 16:02:09.058761,1023.0,2.5,0.0,12000.0,0.0,750.0
2018-05-29 16:02:09.269824,1023.0,2.5,0.0,12000.0,0.0,750.0
2018-05-29 16:02:09.470885,1023.0,2.5,0.0,12000.0,0.0,750.0
2018-05-29 16:02:09.692951,1023.0,2.5,0.0,12000.0,0.0,750.0
2018-05-29 16:02:09.893011,1023.0,2.5,0.0,12000.0,0.0,750.0
2018-05-29 16:02:10.097072,1023.0,2.5,0.0,12000.0,0.0,750.0
2018-05-29 16:02:10.301134,1023.0,2.5,0.0,12000.0,0.0,750.0
2018-05-29 16:02:10.509196,1023.0,2.5,0.0,12000.0,0.0,750.0
2018-05-29 16:02:10.713257,1023.0,2.5,0.0,12000.0,0.0,750.0
2018-05-29 16:02:10.915318,1023.0,2.5,0.0,12000.0,0.0,750.0
2018-05-29 16:02:11.122380,1023.0,2.5,0.0,12000.0,0.0,750.0
2018-05-29 16:02:11.327441,1023.0,2.5,0.0,12000.0,0.0,750.0
2018-05-29 16:02:11.534503,1023.0,2.5,0.0,12000.0,0.0,750.0
2018-05-29 16:02:11.736564,1023.0,2.5,0.0,12000.0,0.0,750.0
2018-05-29 16:02:11.938625,1023.0,2.5,0.0,12000.0,0.0,750.0
2018-05-29 16:02:12.141686,1023.0,2.5,0.0,12000.0,0.0,750.0
2018-05-29 16:02:12.343746,1023.0,2.5,0.0,12000.0,0.0,750.0
2018-05-29 16:02:12.546807,1023.0,2.5,0.0,12000.0,0.0,750.0
2018-05-29 16:02:12.748868,1023.0,2.5,0.0,12000.0,0.0,750.0
2018-05-29 16:02:12.950928,1023.0,2.5,0.0,12000.0,0.0,750.0
2018-05-29 16:02:13.153989,1023.0,2.5,0.0,12000.0,0.0,750.0
2018-05-29 16:02:13.358050,1023.0,2.5,0.0,12000.0,0.0,750.0
2018-05-29 16:02:13.562112,1023.0,2.5,0.0,12000.0,0.0,750.0
2018-05-29 16:02:13.765172,1023.0,2.5,0.0,12000.0,0.0,750.0
2018-05-29 16:02:13.967233,1023.0,2.5,0.0,12000.0,0.0,750.0
2018-05-29 16:02:14.170294,1023.0,2.5,0.0,12000.0,0.0,750.0
2018-05-29 16:02:14.374355,1023.0,2.5,0.0,12000.0,0.0,750.0
2018-05-29 16:02:14.578416,1023.0,2.5,0.0,12000.0,0.0,750.0
2018-05-29 16:02:14.781477,1023.0,2.5,0.0,12000.0,0.0,750.0
2018-05-29 16:02:14.982538,1023.0,2.5,0.0,12000.0,0.0,750.0
2018-05-29 16:02:15.189600,1023.0,2.5,0.0,12000.0,0.0,750.0
2018-05-29 16:02:15.392661,1023.0,2.5,0.0,12000.0,0.0,750.0
2018-05-29 16:02:15.598722,1023.0,2.5,0.0,12000.0,0.0,750.0
2018-05-29 16:02:15.805784,1023.0,2.5,0.0,12000.0,0.0,750.0
2018-05-29 16:02:16.004844,1023.0,2.5,0.0,12000.0,0.0,750.0
2018-05-29 16:02:16.205904,1023.0,2.5,0.0,12000.0,0.0,750.0
2018-05-29 16:02:16.407965,1023.0,2.5,0.0,12000.0,0.0,750.0
2018-05-29 16:02:16.609025,1023.0,2.5,0.0,12000.0,0.0,750.0
2018-05-29 16:02:16.812086,1023.0,2.5,0.0,12000.0,0.0,750.0
2018-05-29 16:02:17.013147,1023.0,2.5,0.0,12000.0,0.0,750.0
2018-05-29 16:02:17.217208,1023.0,2.5,0.0,12000.0,0.0,750.0
2018-05-29 16:02:17.420269,1023.0,2.5,0.0,12000.0,0.0,750.0
2018-05-29 16:02:17.621329,1023.0,2.5,0.0,12000.0,0.0,750.0
2018-05-29 16:02:17.824390,1023.0,2.5,0.0,12000.0,0.0,750.0
2018-05-29 16:02:18.025450,1023.0,2.5,0.0,12000.0,0.0,750.0
2018-05-29 16:02:18.231512,1023.0,2.5,0.0,12000.0,0.0,750.0
2018-05-29 16:02:18.434573,1023.0,2.5,0.0,12000.0,0.0,750.0
2018-05-29 16:02:18.638634,1023.0,2.5,0.0,12000.0,0.0,750.0
2018-05-29 16:02:18.843696,1023.0,2.5,0.0,12000.0,0.0,750.0
2018-05-29 16:02:19.044756,1023.0,2.5,0.0,12000.0,0.0,750.0
2018-05-29 16:02:19.246816,1023.0,2.5,0.0,12000.0,0.0,750.0
2018-05-29 16:02:19.451878,1023.0,2.5,0.0,12000.0,0.0,750.0
2018-05-29 16:02:19.653939,1023.0,2.5,0.0,12000.0,0.0,750.0
2018-05-29 16:02:19.859000,1023.0,2.5,0.0,12000.0,0.0,750.0
2018-05-29 16:02:20.062061,1023.0,2.5,0.0,12000.0,0.0,750.0
2018-05-29 16:02:20.264122,1023.0,2.5,0.0,12000.0,0.0,750.0
2018-05-29 16:02:20.465182,1023.0,2.5,0.0,12000.0,0.0,750.0
2018-05-29 16:02:20.667242,1023.0,2.5,0.0,12000.0,0.0,750.0
2018-05-29 16:02:20.870303,1023.0,2.5,0.0,12000.0,0.0,750.0
2018-05-29 16:02:21.071364,1023.0,2.5,0.0,12000.0,0.0,750.0
2018-05-29 16:02:21.274425,1023.0,2.5,0.0,12000.0,0.0,750.0
2018-05-29 16:02:21.479486,1023.0,2.5,0.0,12000.0,0.0,750.0
2018-05-29 16:02:21.682547,1023.0,2.5,0.0,12000.0,0.0,750.0
2018-05-29 16:02:21.890609,1023.0,2.5,0.0,12000.0,0.0,750.0
2018-05-29 16:02:22.095671,1023.0,2.5,0.0,12000.0,0.0,750.0
2018-05-29 16:02:22.297731,1023.0,2.5,0.0,12000.0,0.0,750.0
2018-05-29 16:02:22.500792,1023.0,2.5,0.0,12000.0,0.0,750.0
2018-05-29 16:02:22.702853,1023.0,2.5,0.0,12000.0,0.0,750.0
2018-05-29 16:02:22.905914,1023.0,2.5,0.0,12000.0,0.0,750.0
2018-05-29 16:02:23.107974,1023.0,2.5,0.0,12000.0,0.0,750.0
2018-05-29 16:02:23.313036,1023.0,2.5,0.0,12000.0,0.0,750.0
2018-05-29 16:02:23.515097,1023.0,2.5,0.0,12000.0,0.0,750.0
2018-05-29 16:02:23.717157,1023.0,2.5,0.0,12000.0,0.0,750.0
2018-05-29 16:02:23.920218,1023.0,2.5,0.0,12000.0,0.0,750.0
2018-05-29 16:02:24.122279,1023.0,2.5,0.0,12000.0,0.0,750.0
2018-05-29 16:02:24.326340,1023.0,2.5,0.0,12000.0,0.0,750.0
2018-05-29 16:02:24.530401,1023.0,2.5,0.0,12000.0,0.0,750.0
2018-05-29 16:02:24.735463,1023.0,2.5,0.0,12000.0,0.0,750.0
2018-05-29 16:02:24.960530,1023.0,2.5,0.0,12000.0,0.0,750.0
2018-05-29 16:02:25.162591,1023.0,2.5,0.0,12000.0,0.0,750.0
2018-05-29 16:02:25.364651,1023.0,2.5,0.0,12000.0,0.0,750.0
2018-05-29 16:02:25.566712,1023.0,2.5,0.0,12000.0,0.0,750.0
2018-05-29 16:02:25.768772,1023.0,2.5,0.0,12000.0,0.0,750.0
2018-05-29 16:02:25.998841,1023.0,2.5,0.0,12000.0,0.0,750.0
2018-05-29 16:02:26.211905,1023.0,2.5,0.0,12000.0,0.0,750.0
2018-05-29 16:02:26.414966,1023.0,2.5,0.0,12000.0,0.0,750.0
2018-05-29 16:02:26.618027,1023.0,2.5,0.0,12000.0,0.0,750.0
2018-05-29 16:02:26.826090,1023.0,2.5,0.0,12000.0,0.0,750.0
2018-05-29 16:02:27.052157,1023.0,2.5,0.0,12000.0,0.0,750.0
2018-05-29 16:02:27.254218,1023.0,2.5,0.0,12000.0,0.0,750.0
2018-05-29 16:02:27.474284,1023.0,2.5,0.0,12000.0,0.0,750.0
2018-05-29 16:02:27.677345,1023.0,2.5,0.0,12000.0,0.0,750.0
2018-05-29 16:02:27.878405,1023.0,2.5,0.0,12000.0,0.0,750.0
2018-05-29 16:02:28.090469,1023.0,2.5,0.0,12000.0,0.0,750.0
2018-05-29 16:02:28.297531,1023.0,2.5,0.0,12000.0,0.0,750.0
2018-05-29 16:02:28.520625,1023.0,2.5,0.0,12000.0,0.0,750.0
2018-05-29 16:02:28.725727,1023.0,2.5,0.0,12000.0,0.0,750.0
2018-05-29 16:02:28.945837,1023.0,2.5,0.0,12000.0,0.0,750.0
2018-05-29 16:02:29.151940,1023.0,2.5,0.0,12000.0,0.0,750.0
2018-05-29 16:02:29.355042,1023.0,2.5,0.0,12000.0,0.0,750.0
2018-05-29 16:02:29.571150,1023.0,2.5,0.0,12000.0,0.0,750.0
2018-05-29 16:02:29.790259,1023.0,2.5,0.0,12000.0,0.0,750.0
2018-05-29 16:02:30.002365,1023.0,2.5,0.0,12000.0,0.0,750.0
2018-05-29 16:02:30.206467,1023.0,2.5,0.0,12000.0,0.0,750.0
2018-05-29 16:02:30.419574,1023.0,2.5,0.0,12000.0,0.0,750.0
2018-05-29 16:02:30.621675,1023.0,2.5,0.0,12000.0,0.0,750.0
2018-05-29 16:02:30.824776,1023.0,2.5,0.0,12000.0,0.0,750.0
2018-05-29 16:02:31.058893,1023.0,2.5,0.0,12000.0,0.0,750.0
2018-05-29 16:02:31.262995,1023.0,2.5,0.0,12000.0,0.0,750.0
2018-05-29 16:02:31.483105,1023.0,2.5,0.0,12000.0,0.0,750.0
2018-05-29 16:02:31.689208,1023.0,2.5,0.0,12000.0,0.0,750.0
2018-05-29 16:02:31.892310,1023.0,2.5,0.0,12000.0,0.0,750.0
2018-05-29 16:02:32.095411,1023.0,2.5,0.0,12000.0,0.0,750.0
2018-05-29 16:02:32.298513,1023.0,2.5,0.0,12000.0,0.0,750.0
2018-05-29 16:02:32.501614,1023.0,2.5,0.0,12000.0,0.0,750.0
2018-05-29 16:02:32.707717,1023.0,2.5,0.0,12000.0,0.0,750.0
2018-05-29 16:02:32.924826,1023.0,2.5,0.0,12000.0,0.0,750.0
2018-05-29 16:02:33.132930,1023.0,2.5,0.0,12000.0,0.0,750.0
2018-05-29 16:02:33.335031,1023.0,2.5,0.0,12000.0,0.0,750.0
2018-05-29 16:02:33.577152,1023.0,2.5,0.0,12000.0,0.0,750.0
2018-05-29 16:02:33.780253,1023.0,2.5,0.0,12000.0,0.0,750.0
2018-05-29 16:02:33.984355,1023.0,2.5,0.0,12000.0,0.0,750.0
2018-05-29 16:02:34.187457,1023.0,2.5,0.0,12000.0,0.0,750.0
2018-05-29 16:02:34.393560,1023.0,2.5,0.0,12000.0,0.0,750.0
2018-05-29 16:02:34.635681,1023.0,2.5,0.0,12000.0,0.0,750.0
2018-05-29 16:02:34.836781,1023.0,2.5,0.0,12000.0,0.0,750.0
2018-05-29 16:02:35.042884,1023.0,2.5,0.0,12000.0,0.0,750.0
2018-05-29 16:02:35.242984,1023.0,2.5,0.0,12000.0,0.0,750.0
2018-05-29 16:02:35.451088,1023.0,2.5,0.0,12000.0,0.0,750.0
2018-05-29 16:02:35.680203,1023.0,2.5,0.0,12000.0,0.0,750.0
2018-05-29 16:02:35.882304,1023.0,2.5,0.0,12000.0,0.0,750.0
2018-05-29 16:02:36.092409,1023.0,2.5,0.0,12000.0,0.0,750.0
2018-05-29 16:02:36.302514,1023.0,2.5,0.0,12000.0,0.0,750.0
2018-05-29 16:02:36.506616,1023.0,2.5,0.0,12000.0,0.0,750.0
2018-05-29 16:02:36.709717,1023.0,2.5,0.0,12000.0,0.0,750.0
2018-05-29 16:02:36.922824,1023.0,2.5,0.0,12000.0,0.0,750.0
2018-05-29 16:02:37.151938,1023.0,2.5,0.0,12000.0,0.0,750.0
2018-05-29 16:02:37.356040,1023.0,2.5,0.0,12000.0,0.0,750.0
2018-05-29 16:02:37.560142,1023.0,2.5,0.0,12000.0,0.0,750.0
2018-05-29 16:02:37.761243,1023.0,2.5,0.0,12000.0,0.0,750.0
2018-05-29 16:02:37.984354,1023.0,2.5,0.0,12000.0,0.0,750.0
2018-05-29 16:02:38.189457,1023.0,2.5,0.0,12000.0,0.0,750.0
2018-05-29 16:02:38.391558,1023.0,2.5,0.0,12000.0,0.0,750.0
2018-05-29 16:02:38.598661,1023.0,2.5,0.0,12000.0,0.0,750.0
2018-05-29 16:02:38.799762,1023.0,2.5,0.0,12000.0,0.0,750.0
2018-05-29 16:02:39.019872,1023.0,2.5,0.0,12000.0,0.0,750.0
2018-05-29 16:02:39.229977,1023.0,2.5,0.0,12000.0,0.0,750.0
2018-05-29 16:02:39.442083,1023.0,2.5,0.0,12000.0,0.0,750.0
2018-05-29 16:02:39.676200,1023.0,2.5,0.0,12000.0,0.0,750.0
2018-05-29 16:02:39.882303,1023.0,2.5,0.0,12000.0,0.0,750.0
2018-05-29 16:02:40.096410,1023.0,2.5,0.0,12000.0,0.0,750.0
2018-05-29 16:02:40.319521,1023.0,2.5,0.0,12000.0,0.0,750.0
2018-05-29 16:02:40.524624,1023.0,2.5,0.0,12000.0,0.0,750.0
2018-05-29 16:02:40.726725,1023.0,2.5,0.0,12000.0,0.0,750.0
2018-05-29 16:02:40.928826,1023.0,2.5,0.0,12000.0,0.0,750.0
2018-05-29 16:02:41.132928,1023.0,2.5,0.0,12000.0,0.0,750.0
2018-05-29 16:02:41.336029,1023.0,2.5,0.0,12000.0,0.0,750.0
2018-05-29 16:02:41.545134,1023.0,2.5,0.0,12000.0,0.0,750.0
2018-05-29 16:02:41.753238,1023.0,2.5,0.0,12000.0,0.0,750.0
2018-05-29 16:02:41.960341,1023.0,2.5,0.0,12000.0,0.0,750.0
2018-05-29 16:02:42.168445,1023.0,2.5,0.0,12000.0,0.0,750.0
2018-05-29 16:02:42.385554,1023.0,2.5,0.0,12000.0,0.0,750.0
2018-05-29 16:02:42.597660,1023.0,2.5,0.0,12000.0,0.0,750.0
2018-05-29 16:02:42.817770,1023.0,2.5,0.0,12000.0,0.0,750.0
2018-05-29 16:02:43.020871,1023.0,2.5,0.0,12000.0,0.0,750.0
2018-05-29 16:02:43.244983,1023.0,2.5,0.0,12000.0,0.0,750.0
2018-05-29 16:02:43.459090,1023.0,2.5,0.0,12000.0,0.0,750.0
2018-05-29 16:02:43.666194,1023.0,2.5,0.0,12000.0,0.0,750.0
2018-05-29 16:02:43.896309,1023.0,2.5,0.0,12000.0,0.0,750.0
2018-05-29 16:02:44.099410,1023.0,2.5,0.0,12000.0,0.0,750.0
2018-05-29 16:02:44.306514,1023.0,2.5,0.0,12000.0,0.0,750.0
2018-05-29 16:02:44.516619,1023.0,2.5,0.0,12000.0,0.0,750.0
2018-05-29 16:02:44.729725,1023.0,2.5,0.0,12000.0,0.0,750.0
2018-05-29 16:02:44.930826,1023.0,2.5,0.0,12000.0,0.0,750.0
2018-05-29 16:02:45.133927,1023.0,2.5,0.0,12000.0,0.0,750.0
2018-05-29 16:02:45.336028,1023.0,2.5,0.0,12000.0,0.0,750.0
2018-05-29 16:02:45.538129,1023.0,2.5,0.0,12000.0,0.0,750.0
2018-05-29 16:02:45.762241,1023.0,2.5,0.0,12000.0,0.0,750.0
2018-05-29 16:02:45.963342,1023.0,2.5,0.0,12000.0,0.0,750.0
2018-05-29 16:02:46.167444,1023.0,2.5,0.0,12000.0,0.0,750.0
2018-05-29 16:02:46.377549,1023.0,2.5,0.0,12000.0,0.0,750.0
2018-05-29 16:02:46.577649,1023.0,2.5,0.0,12000.0,0.0,750.0
2018-05-29 16:02:46.795758,1023.0,2.5,0.0,12000.0,0.0,750.0
2018-05-29 16:02:47.001861,1023.0,2.5,0.0,12000.0,0.0,750.0
2018-05-29 16:02:47.202961,1023.0,2.5,0.0,12000.0,0.0,750.0
2018-05-29 16:02:47.404062,1023.0,2.5,0.0,12000.0,0.0,750.0
2018-05-29 16:02:47.605162,1023.0,2.5,0.0,12000.0,0.0,750.0
2018-05-29 16:02:47.818269,1023.0,2.5,0.0,12000.0,0.0,750.0
2018-05-29 16:02:48.019369,1023.0,2.5,0.0,12000.0,0.0,750.0
2018-05-29 16:02:48.222471,1023.0,2.5,0.0,12000.0,0.0,750.0
2018-05-29 16:02:48.425572,1023.0,2.5,0.0,12000.0,0.0,750.0
2018-05-29 16:02:48.631675,1023.0,2.5,0.0,12000.0,0.0,750.0
2018-05-29 16:02:48.858789,1023.0,2.5,0.0,12000.0,0.0,750.0
2018-05-29 16:02:49.065892,1023.0,2.5,0.0,12000.0,0.0,750.0
2018-05-29 16:02:49.267993,1023.0,2.5,0.0,12000.0,0.0,750.0
2018-05-29 16:02:49.483101,1023.0,2.5,0.0,12000.0,0.0,750.0
2018-05-29 16:02:49.697208,1023.0,2.5,0.0,12000.0,0.0,750.0
2018-05-29 16:02:49.899309,1023.0,2.5,0.0,12000.0,0.0,750.0
2018-05-29 16:02:50.102410,1023.0,2.5,0.0,12000.0,0.0,750.0
2018-05-29 16:02:50.362540,1023.0,2.5,0.0,12000.0,0.0,750.0
2018-05-29 16:02:50.567643,1023.0,2.5,0.0,12000.0,0.0,750.0
2018-05-29 16:02:50.800759,1023.0,2.5,0.0,12000.0,0.0,750.0
2018-05-29 16:02:51.003861,1023.0,2.5,0.0,12000.0,0.0,750.0
2018-05-29 16:02:51.235977,1023.0,2.5,0.0,12000.0,0.0,750.0
2018-05-29 16:02:51.443080,1023.0,2.5,0.0,12000.0,0.0,750.0
2018-05-29 16:02:51.648183,1023.0,2.5,0.0,12000.0,0.0,750.0
2018-05-29 16:02:51.872295,1023.0,2.5,0.0,12000.0,0.0,750.0
2018-05-29 16:02:52.075396,1023.0,2.5,0.0,12000.0,0.0,750.0
2018-05-29 16:02:52.282500,1023.0,2.5,0.0,12000.0,0.0,750.0
2018-05-29 16:02:52.498608,1023.0,2.5,0.0,12000.0,0.0,750.0
2018-05-29 16:02:52.723720,1023.0,2.5,0.0,12000.0,0.0,750.0
2018-05-29 16:02:52.939828,1023.0,2.5,0.0,12000.0,0.0,750.0
2018-05-29 16:02:53.138928,1023.0,2.5,0.0,12000.0,0.0,750.0
2018-05-29 16:02:53.383050,1023.0,2.5,0.0,12000.0,0.0,750.0
2018-05-29 16:02:53.602159,1023.0,2.5,0.0,12000.0,0.0,750.0
2018-05-29 16:02:53.835276,1023.0,2.5,0.0,12000.0,0.0,750.0
2018-05-29 16:02:54.065391,1023.0,2.5,0.0,12000.0,0.0,750.0
2018-05-29 16:02:54.285501,1023.0,2.5,0.0,12000.0,0.0,750.0
2018-05-29 16:02:54.492604,1023.0,2.5,0.0,12000.0,0.0,750.0
2018-05-29 16:02:54.694705,1023.0,2.5,0.0,12000.0,0.0,750.0
2018-05-29 16:02:54.898807,1023.0,2.5,0.0,12000.0,0.0,750.0
2018-05-29 16:02:55.099908,1023.0,2.5,0.0,12000.0,0.0,750.0
2018-05-29 16:02:55.321018,1023.0,2.5,0.0,12000.0,0.0,750.0
2018-05-29 16:02:55.535125,1023.0,2.5,0.0,12000.0,0.0,750.0
2018-05-29 16:02:55.747231,1023.0,2.5,0.0,12000.0,0.0,750.0
2018-05-29 16:02:55.954335,1023.0,2.5,0.0,12000.0,0.0,750.0
2018-05-29 16:02:56.157436,1023.0,2.5,0.0,12000.0,0.0,750.0
2018-05-29 16:02:56.369542,1023.0,2.5,0.0,12000.0,0.0,750.0
2018-05-29 16:02:56.579647,1023.0,2.5,0.0,12000.0,0.0,750.0
2018-05-29 16:02:56.789752,1023.0,2.5,0.0,12000.0,0.0,750.0
2018-05-29 16:02:57.014865,1023.0,2.5,0.0,12000.0,0.0,750.0
2018-05-29 16:02:57.221968,1023.0,2.5,0.0,12000.0,0.0,750.0
2018-05-29 16:02:57.462088,1023.0,2.5,0.0,12000.0,0.0,750.0
2018-05-29 16:02:57.685200,1023.0,2.5,0.0,12000.0,0.0,750.0
2018-05-29 16:02:57.907311,1023.0,2.5,0.0,12000.0,0.0,750.0
2018-05-29 16:02:58.149432,1023.0,2.5,0.0,12000.0,0.0,750.0
2018-05-29 16:02:58.374544,1023.0,2.5,0.0,12000.0,0.0,750.0
2018-05-29 16:02:58.590652,1023.0,2.5,0.0,12000.0,0.0,750.0
2018-05-29 16:02:58.809762,1023.0,2.5,0.0,12000.0,0.0,750.0
2018-05-29 16:02:59.029872,1023.0,2.5,0.0,12000.0,0.0,750.0
2018-05-29 16:02:59.236975,1023.0,2.5,0.0,12000.0,0.0,750.0
2018-05-29 16:02:59.471092,1023.0,2.5,0.0,12000.0,0.0,750.0
2018-05-29 16:02:59.689201,1023.0,2.5,0.0,12000.0,0.0,750.0
2018-05-29 16:02:59.915314,1023.0,2.5,0.0,12000.0,0.0,750.0
2018-05-29 16:03:00.155434,1023.0,2.5,0.0,12000.0,0.0,750.0
2018-05-29 16:03:00.390552,1023.0,2.5,0.0,12000.0,0.0,750.0
2018-05-29 16:03:00.599656,1023.0,2.5,0.0,12000.0,0.0,750.0
2018-05-29 16:03:00.822768,1023.0,2.5,0.0,12000.0,0.0,750.0
2018-05-29 16:03:01.024869,1023.0,2.5,0.0,12000.0,0.0,750.0
2018-05-29 16:03:01.226970,1023.0,2.5,0.0,12000.0,0.0,750.0
2018-05-29 16:03:01.430071,1023.0,2.5,0.0,12000.0,0.0,750.0
2018-05-29 16:03:01.640176,1023.0,2.5,0.0,12000.0,0.0,750.0
2018-05-29 16:03:01.871292,1023.0,2.5,0.0,12000.0,0.0,750.0
2018-05-29 16:03:02.120416,1023.0,2.5,0.0,12000.0,0.0,750.0
2018-05-29 16:03:02.325519,1023.0,2.5,0.0,12000.0,0.0,750.0
2018-05-29 16:03:02.531622,1023.0,2.5,0.0,12000.0,0.0,750.0
2018-05-29 16:03:02.736724,1023.0,2.5,0.0,12000.0,0.0,750.0
2018-05-29 16:03:02.938825,1023.0,2.5,0.0,12000.0,0.0,750.0
2018-05-29 16:03:03.141927,1023.0,2.5,0.0,12000.0,0.0,750.0
2018-05-29 16:03:03.381046,1023.0,2.5,0.0,12000.0,0.0,750.0
2018-05-29 16:03:03.594153,1023.0,2.5,0.0,12000.0,0.0,750.0
2018-05-29 16:03:03.797254,1023.0,2.5,0.0,12000.0,0.0,750.0
2018-05-29 16:03:04.001356,1023.0,2.5,0.0,12000.0,0.0,750.0
2018-05-29 16:03:04.218465,1023.0,2.5,0.0,12000.0,0.0,750.0
2018-05-29 16:03:04.421566,1023.0,2.5,0.0,12000.0,0.0,750.0
2018-05-29 16:03:04.625668,1023.0,2.5,0.0,12000.0,0.0,750.0
2018-05-29 16:03:04.828770,1023.0,2.5,0.0,12000.0,0.0,750.0
2018-05-29 16:03:05.052882,1023.0,2.5,0.0,12000.0,0.0,750.0
2018-05-29 16:03:05.253982,1023.0,2.5,0.0,12000.0,0.0,750.0
2018-05-29 16:03:05.459085,1023.0,2.5,0.0,12000.0,0.0,750.0
2018-05-29 16:03:05.662186,1023.0,2.5,0.0,12000.0,0.0,750.0
2018-05-29 16:03:05.864287,1023.0,2.5,0.0,12000.0,0.0,750.0
2018-05-29 16:03:06.089400,1023.0,2.5,0.0,12000.0,0.0,750.0
2018-05-29 16:03:06.293502,1023.0,2.5,0.0,12000.0,0.0,750.0
2018-05-29 16:03:06.498604,1023.0,2.5,0.0,12000.0,0.0,750.0
2018-05-29 16:03:06.700705,1023.0,2.5,0.0,12000.0,0.0,750.0
2018-05-29 16:03:06.903807,1023.0,2.5,0.0,12000.0,0.0,750.0
2018-05-29 16:03:07.110910,1023.0,2.5,0.0,12000.0,0.0,750.0
2018-05-29 16:03:07.342026,1023.0,2.5,0.0,12000.0,0.0,750.0
2018-05-29 16:03:07.619164,1023.0,2.5,0.0,12000.0,0.0,750.0
2018-05-29 16:03:07.821265,1023.0,2.5,0.0,12000.0,0.0,750.0
2018-05-29 16:03:08.133421,1023.0,2.5,0.0,12000.0,0.0,750.0
2018-05-29 16:03:08.387548,1023.0,2.5,0.0,12000.0,0.0,750.0
2018-05-29 16:03:08.619664,1023.0,2.5,0.0,12000.0,0.0,750.0
2018-05-29 16:03:08.936823,1023.0,2.5,0.0,12000.0,0.0,750.0
2018-05-29 16:03:09.163936,1023.0,2.5,0.0,12000.0,0.0,750.0
2018-05-29 16:03:09.366037,1023.0,2.5,0.0,12000.0,0.0,750.0
2018-05-29 16:03:09.571140,1023.0,2.5,0.0,12000.0,0.0,750.0
2018-05-29 16:03:09.817263,1023.0,2.5,0.0,12000.0,0.0,750.0
2018-05-29 16:03:10.057383,1023.0,2.5,0.0,12000.0,0.0,750.0
2018-05-29 16:03:10.269489,1023.0,2.5,0.0,12000.0,0.0,750.0
2018-05-29 16:03:10.490599,1023.0,2.5,0.0,12000.0,0.0,750.0
2018-05-29 16:03:10.818763,1023.0,2.5,0.0,12000.0,0.0,750.0
2018-05-29 16:03:11.086897,1023.0,2.5,0.0,12000.0,0.0,750.0
2018-05-29 16:03:11.355031,1023.0,2.5,0.0,12000.0,0.0,750.0
2018-05-29 16:03:11.629168,1023.0,2.5,0.0,12000.0,0.0,750.0
2018-05-29 16:03:11.851279,1023.0,2.5,0.0,12000.0,0.0,750.0
2018-05-29 16:03:12.084396,1023.0,2.5,0.0,12000.0,0.0,750.0
2018-05-29 16:03:12.292500,1023.0,2.5,0.0,12000.0,0.0,750.0
2018-05-29 16:03:12.500604,1023.0,2.5,0.0,12000.0,0.0,750.0
2018-05-29 16:03:12.710709,1023.0,2.5,0.0,12000.0,0.0,750.0
2018-05-29 16:03:12.916812,1023.0,2.5,0.0,12000.0,0.0,750.0
2018-05-29 16:03:13.118913,1023.0,2.5,0.0,12000.0,0.0,750.0
2018-05-29 16:03:13.359033,1023.0,2.5,0.0,12000.0,0.0,750.0
2018-05-29 16:03:13.562134,1023.0,2.5,0.0,12000.0,0.0,750.0
2018-05-29 16:03:13.766236,1023.0,2.5,0.0,12000.0,0.0,750.0
2018-05-29 16:03:13.968337,1023.0,2.5,0.0,12000.0,0.0,750.0
2018-05-29 16:03:14.208457,1023.0,2.5,0.0,12000.0,0.0,750.0
2018-05-29 16:03:14.463585,1023.0,2.5,0.0,12000.0,0.0,750.0
2018-05-29 16:03:14.670688,1023.0,2.5,0.0,12000.0,0.0,750.0
2018-05-29 16:03:14.876791,1023.0,2.5,0.0,12000.0,0.0,750.0
2018-05-29 16:03:15.079893,1023.0,2.5,0.0,12000.0,0.0,750.0
2018-05-29 16:03:15.334020,1023.0,2.5,0.0,12000.0,0.0,750.0
2018-05-29 16:03:15.579142,1023.0,2.5,0.0,12000.0,0.0,750.0
2018-05-29 16:03:15.788247,1023.0,2.5,0.0,12000.0,0.0,750.0
2018-05-29 16:03:15.992349,1023.0,2.5,0.0,12000.0,0.0,750.0
2018-05-29 16:03:16.217461,1023.0,2.5,0.0,12000.0,0.0,750.0
2018-05-29 16:03:16.421563,1023.0,2.5,0.0,12000.0,0.0,750.0
2018-05-29 16:03:16.626666,1023.0,2.5,0.0,12000.0,0.0,750.0
2018-05-29 16:03:16.869787,1023.0,2.5,0.0,12000.0,0.0,750.0
2018-05-29 16:03:17.073889,1023.0,2.5,0.0,12000.0,0.0,750.0
2018-05-29 16:03:17.286996,1023.0,2.5,0.0,12000.0,0.0,750.0
2018-05-29 16:03:17.488096,1023.0,2.5,0.0,12000.0,0.0,750.0
2018-05-29 16:03:17.703204,1023.0,2.5,0.0,12000.0,0.0,750.0
2018-05-29 16:03:17.906305,1023.0,2.5,0.0,12000.0,0.0,750.0
2018-05-29 16:03:18.108406,1023.0,2.5,0.0,12000.0,0.0,750.0
2018-05-29 16:03:18.311508,1023.0,2.5,0.0,12000.0,0.0,750.0
2018-05-29 16:03:18.515610,1023.0,2.5,0.0,12000.0,0.0,750.0
2018-05-29 16:03:18.730717,1023.0,2.5,0.0,12000.0,0.0,750.0
2018-05-29 16:03:18.938821,1023.0,2.5,0.0,12000.0,0.0,750.0
2018-05-29 16:03:19.142923,1023.0,2.5,0.0,12000.0,0.0,750.0
2018-05-29 16:03:19.352028,1023.0,2.5,0.0,12000.0,0.0,750.0
2018-05-29 16:03:19.552128,1023.0,2.5,0.0,12000.0,0.0,750.0
2018-05-29 16:03:19.805254,1023.0,2.5,0.0,12000.0,0.0,750.0
2018-05-29 16:03:20.015359,1023.0,2.5,0.0,12000.0,0.0,750.0
2018-05-29 16:03:20.232468,1023.0,2.5,0.0,12000.0,0.0,750.0
2018-05-29 16:03:20.463583,1023.0,2.5,0.0,12000.0,0.0,750.0
2018-05-29 16:03:20.734719,1023.0,2.5,0.0,12000.0,0.0,750.0
2018-05-29 16:03:20.936820,1023.0,2.5,0.0,12000.0,0.0,750.0
2018-05-29 16:03:21.146925,1023.0,2.5,0.0,12000.0,0.0,750.0
2018-05-29 16:03:21.357030,1023.0,2.5,0.0,12000.0,0.0,750.0
2018-05-29 16:03:21.652177,1023.0,2.5,0.0,12000.0,0.0,750.0
2018-05-29 16:03:21.893298,1023.0,2.5,0.0,12000.0,0.0,750.0
2018-05-29 16:03:22.163433,1023.0,2.5,0.0,12000.0,0.0,750.0
2018-05-29 16:03:22.402552,1023.0,2.5,0.0,12000.0,0.0,750.0
2018-05-29 16:03:22.618660,1023.0,2.5,0.0,12000.0,0.0,750.0
2018-05-29 16:03:22.831767,1023.0,2.5,0.0,12000.0,0.0,750.0
2018-05-29 16:03:23.036869,1023.0,2.5,0.0,12000.0,0.0,750.0
2018-05-29 16:03:23.241972,1023.0,2.5,0.0,12000.0,0.0,750.0
2018-05-29 16:03:23.445073,1023.0,2.5,0.0,12000.0,0.0,750.0
2018-05-29 16:03:23.648175,1023.0,2.5,0.0,12000.0,0.0,750.0
2018-05-29 16:03:23.904303,1023.0,2.5,0.0,12000.0,0.0,750.0
2018-05-29 16:03:24.118410,1023.0,2.5,0.0,12000.0,0.0,750.0
2018-05-29 16:03:24.399550,1023.0,2.5,0.0,12000.0,0.0,750.0
2018-05-29 16:03:24.651676,1023.0,2.5,0.0,12000.0,0.0,750.0
2018-05-29 16:03:24.879790,1023.0,2.5,0.0,12000.0,0.0,750.0
2018-05-29 16:03:25.106904,1023.0,2.5,0.0,12000.0,0.0,750.0
2018-05-29 16:03:25.372036,1023.0,2.5,0.0,12000.0,0.0,750.0
2018-05-29 16:03:25.583142,1023.0,2.5,0.0,12000.0,0.0,750.0
2018-05-29 16:03:25.803252,1023.0,2.5,0.0,12000.0,0.0,750.0
2018-05-29 16:03:26.006353,1023.0,2.5,0.0,12000.0,0.0,750.0
2018-05-29 16:03:26.260480,1023.0,2.5,0.0,12000.0,0.0,750.0
2018-05-29 16:03:26.471586,1023.0,2.5,0.0,12000.0,0.0,750.0
2018-05-29 16:03:26.675688,1023.0,2.5,0.0,12000.0,0.0,750.0
2018-05-29 16:03:26.905803,1023.0,2.5,0.0,12000.0,0.0,750.0
2018-05-29 16:03:27.110905,1023.0,2.5,0.0,12000.0,0.0,750.0
2018-05-29 16:03:27.404052,1023.0,2.5,0.0,12000.0,0.0,750.0
2018-05-29 16:03:27.611155,1023.0,2.5,0.0,12000.0,0.0,750.0
2018-05-29 16:03:27.872286,1023.0,2.5,0.0,12000.0,0.0,750.0
2018-05-29 16:03:28.118409,1023.0,2.5,0.0,12000.0,0.0,750.0
2018-05-29 16:03:28.332516,1023.0,2.5,0.0,12000.0,0.0,750.0
2018-05-29 16:03:28.541620,1023.0,2.5,0.0,12000.0,0.0,750.0
2018-05-29 16:03:28.744722,1023.0,2.5,0.0,12000.0,0.0,750.0
2018-05-29 16:03:28.956828,1023.0,2.5,0.0,12000.0,0.0,750.0
2018-05-29 16:03:29.169934,1023.0,2.5,0.0,12000.0,0.0,750.0
2018-05-29 16:03:29.469084,1023.0,2.5,0.0,12000.0,0.0,750.0
2018-05-29 16:03:29.737218,1023.0,2.5,0.0,12000.0,0.0,750.0
2018-05-29 16:03:29.944321,1023.0,2.5,0.0,12000.0,0.0,750.0
2018-05-29 16:03:30.149424,1023.0,2.5,0.0,12000.0,0.0,750.0
2018-05-29 16:03:30.356527,1023.0,2.5,0.0,12000.0,0.0,750.0
2018-05-29 16:03:30.631665,1023.0,2.5,0.0,12000.0,0.0,750.0
2018-05-29 16:03:30.838768,1023.0,2.5,0.0,12000.0,0.0,750.0
2018-05-29 16:03:31.042870,1023.0,2.5,0.0,12000.0,0.0,750.0
2018-05-29 16:03:31.246972,1023.0,2.5,0.0,12000.0,0.0,750.0
2018-05-29 16:03:31.467082,1023.0,2.5,0.0,12000.0,0.0,750.0
2018-05-29 16:03:31.670184,1023.0,2.5,0.0,12000.0,0.0,750.0
2018-05-29 16:03:31.885291,1023.0,2.5,0.0,12000.0,0.0,750.0
2018-05-29 16:03:32.089393,1023.0,2.5,0.0,12000.0,0.0,750.0
2018-05-29 16:03:32.294496,1023.0,2.5,0.0,12000.0,0.0,750.0
2018-05-29 16:03:32.504601,1023.0,2.5,0.0,12000.0,0.0,750.0
2018-05-29 16:03:32.711704,1023.0,2.5,0.0,12000.0,0.0,750.0
2018-05-29 16:03:32.918808,1023.0,2.5,0.0,12000.0,0.0,750.0
2018-05-29 16:03:33.125911,1023.0,2.5,0.0,12000.0,0.0,750.0
2018-05-29 16:03:33.333015,1023.0,2.5,0.0,12000.0,0.0,750.0
2018-05-29 16:03:33.540118,1023.0,2.5,0.0,12000.0,0.0,750.0
2018-05-29 16:03:33.747222,1023.0,2.5,0.0,12000.0,0.0,750.0
2018-05-29 16:03:33.972334,1023.0,2.5,0.0,12000.0,0.0,750.0
2018-05-29 16:03:34.175436,1023.0,2.5,0.0,12000.0,0.0,750.0
2018-05-29 16:03:34.380538,1023.0,2.5,0.0,12000.0,0.0,750.0
2018-05-29 16:03:34.591644,1023.0,2.5,0.0,12000.0,0.0,750.0
2018-05-29 16:03:34.798747,1023.0,2.5,0.0,12000.0,0.0,750.0
2018-05-29 16:03:35.009853,1023.0,2.5,0.0,12000.0,0.0,750.0
2018-05-29 16:03:35.210953,1023.0,2.5,0.0,12000.0,0.0,750.0
2018-05-29 16:03:35.416056,1023.0,2.5,0.0,12000.0,0.0,750.0
2018-05-29 16:03:35.624160,1023.0,2.5,0.0,12000.0,0.0,750.0
2018-05-29 16:03:35.830263,1023.0,2.5,0.0,12000.0,0.0,750.0
2018-05-29 16:03:36.033364,1023.0,2.5,0.0,12000.0,0.0,750.0
2018-05-29 16:03:36.237466,1023.0,2.5,0.0,12000.0,0.0,750.0
2018-05-29 16:03:36.449572,1023.0,2.5,0.0,12000.0,0.0,750.0
2018-05-29 16:03:36.650673,1023.0,2.5,0.0,12000.0,0.0,750.0
2018-05-29 16:03:36.855775,1023.0,2.5,0.0,12000.0,0.0,750.0
2018-05-29 16:03:37.057876,1023.0,2.5,0.0,12000.0,0.0,750.0
2018-05-29 16:03:37.298997,1023.0,2.5,0.0,12000.0,0.0,750.0
2018-05-29 16:03:37.525110,1023.0,2.5,0.0,12000.0,0.0,750.0
2018-05-29 16:03:37.738216,1023.0,2.5,0.0,12000.0,0.0,750.0
2018-05-29 16:03:37.957326,1023.0,2.5,0.0,12000.0,0.0,750.0
2018-05-29 16:03:38.161428,1023.0,2.5,0.0,12000.0,0.0,750.0
2018-05-29 16:03:38.369532,1023.0,2.5,0.0,12000.0,0.0,750.0
2018-05-29 16:03:38.577636,1023.0,2.5,0.0,12000.0,0.0,750.0
2018-05-29 16:03:38.802748,1023.0,2.5,0.0,12000.0,0.0,750.0
2018-05-29 16:03:39.018856,1023.0,2.5,0.0,12000.0,0.0,750.0
2018-05-29 16:03:39.282988,1023.0,2.5,0.0,12000.0,0.0,750.0
2018-05-29 16:03:39.491092,1023.0,2.5,0.0,12000.0,0.0,750.0
2018-05-29 16:03:39.703198,1023.0,2.5,0.0,12000.0,0.0,750.0
2018-05-29 16:03:39.910302,1023.0,2.5,0.0,12000.0,0.0,750.0
2018-05-29 16:03:40.117405,1023.0,2.5,0.0,12000.0,0.0,750.0
2018-05-29 16:03:40.327510,1023.0,2.5,0.0,12000.0,0.0,750.0
2018-05-29 16:03:40.599646,1023.0,2.5,0.0,12000.0,0.0,750.0
2018-05-29 16:03:40.810752,1023.0,2.5,0.0,12000.0,0.0,750.0
2018-05-29 16:03:41.014854,1023.0,2.5,0.0,12000.0,0.0,750.0
2018-05-29 16:03:41.216955,1023.0,2.5,0.0,12000.0,0.0,750.0
2018-05-29 16:03:41.421057,1023.0,2.5,0.0,12000.0,0.0,750.0
2018-05-29 16:03:41.625159,1023.0,2.5,0.0,12000.0,0.0,750.0
2018-05-29 16:03:41.835264,1023.0,2.5,0.0,12000.0,0.0,750.0
2018-05-29 16:03:42.037365,1023.0,2.5,0.0,12000.0,0.0,750.0
2018-05-29 16:03:42.240466,1023.0,2.5,0.0,12000.0,0.0,750.0
2018-05-29 16:03:42.451572,1023.0,2.5,0.0,12000.0,0.0,750.0
2018-05-29 16:03:42.658675,1023.0,2.5,0.0,12000.0,0.0,750.0
2018-05-29 16:03:42.865779,1023.0,2.5,0.0,12000.0,0.0,750.0
2018-05-29 16:03:43.081887,1023.0,2.5,0.0,12000.0,0.0,750.0
2018-05-29 16:03:43.286989,1023.0,2.5,0.0,12000.0,0.0,750.0
2018-05-29 16:03:43.510101,1023.0,2.5,0.0,12000.0,0.0,750.0
2018-05-29 16:03:43.715203,1023.0,2.5,0.0,12000.0,0.0,750.0
2018-05-29 16:03:43.919305,1023.0,2.5,0.0,12000.0,0.0,750.0
2018-05-29 16:03:44.141416,1023.0,2.5,0.0,12000.0,0.0,750.0
2018-05-29 16:03:44.348520,1023.0,2.5,0.0,12000.0,0.0,750.0
2018-05-29 16:03:44.552622,1023.0,2.5,0.0,12000.0,0.0,750.0
2018-05-29 16:03:44.757724,1023.0,2.5,0.0,12000.0,0.0,750.0
2018-05-29 16:03:44.965828,1023.0,2.5,0.0,12000.0,0.0,750.0
2018-05-29 16:03:45.177934,1023.0,2.5,0.0,12000.0,0.0,750.0
2018-05-29 16:03:45.396043,1023.0,2.5,0.0,12000.0,0.0,750.0
2018-05-29 16:03:45.636163,1023.0,2.5,0.0,12000.0,0.0,750.0
2018-05-29 16:03:45.847269,1023.0,2.5,0.0,12000.0,0.0,750.0
2018-05-29 16:03:46.056373,1023.0,2.5,0.0,12000.0,0.0,750.0
2018-05-29 16:03:46.259475,1023.0,2.5,0.0,12000.0,0.0,750.0
2018-05-29 16:03:46.467579,1023.0,2.5,0.0,12000.0,0.0,750.0
2018-05-29 16:03:46.675683,1023.0,2.5,0.0,12000.0,0.0,750.0
2018-05-29 16:03:46.879785,1023.0,2.5,0.0,12000.0,0.0,750.0
2018-05-29 16:03:47.086888,1023.0,2.5,0.0,12000.0,0.0,750.0
2018-05-29 16:03:47.332011,1023.0,2.5,0.0,12000.0,0.0,750.0
2018-05-29 16:03:47.540115,1023.0,2.5,0.0,12000.0,0.0,750.0
2018-05-29 16:03:47.749219,1023.0,2.5,0.0,12000.0,0.0,750.0
2018-05-29 16:03:47.957323,1023.0,2.5,0.0,12000.0,0.0,750.0
2018-05-29 16:03:48.205447,1023.0,2.5,0.0,12000.0,0.0,750.0
2018-05-29 16:03:48.410550,1023.0,2.5,0.0,12000.0,0.0,750.0
2018-05-29 16:03:48.617653,1023.0,2.5,0.0,12000.0,0.0,750.0
2018-05-29 16:03:48.903796,1023.0,2.5,0.0,12000.0,0.0,750.0
2018-05-29 16:03:49.129909,1023.0,2.5,0.0,12000.0,0.0,750.0
2018-05-29 16:03:49.372030,1023.0,2.5,0.0,12000.0,0.0,750.0
2018-05-29 16:03:49.679184,1023.0,2.5,0.0,12000.0,0.0,750.0
2018-05-29 16:03:49.882285,1023.0,2.5,0.0,12000.0,0.0,750.0
2018-05-29 16:03:50.086387,1023.0,2.5,0.0,12000.0,0.0,750.0
2018-05-29 16:03:50.287488,1023.0,2.5,0.0,12000.0,0.0,750.0
2018-05-29 16:03:50.508598,1023.0,2.5,0.0,12000.0,0.0,750.0
2018-05-29 16:03:50.772730,1023.0,2.5,0.0,12000.0,0.0,750.0
2018-05-29 16:03:50.992840,1023.0,2.5,0.0,12000.0,0.0,750.0
2018-05-29 16:03:51.236962,1023.0,2.5,0.0,12000.0,0.0,750.0
2018-05-29 16:03:51.457072,1023.0,2.5,0.0,12000.0,0.0,750.0
2018-05-29 16:03:51.744216,1023.0,2.5,0.0,12000.0,0.0,750.0
2018-05-29 16:03:51.951319,1023.0,2.5,0.0,12000.0,0.0,750.0
2018-05-29 16:03:52.242465,1023.0,2.5,0.0,12000.0,0.0,750.0
2018-05-29 16:03:52.450569,1023.0,2.5,0.0,12000.0,0.0,750.0
2018-05-29 16:03:52.655671,1023.0,2.5,0.0,12000.0,0.0,750.0
2018-05-29 16:03:52.860774,1023.0,2.5,0.0,12000.0,0.0,750.0
2018-05-29 16:03:53.067877,1023.0,2.5,0.0,12000.0,0.0,750.0
2018-05-29 16:03:53.276982,1023.0,2.5,0.0,12000.0,0.0,750.0
2018-05-29 16:03:53.479083,1023.0,2.5,0.0,12000.0,0.0,750.0
2018-05-29 16:03:53.679183,1023.0,2.5,0.0,12000.0,0.0,750.0
2018-05-29 16:03:53.885286,1023.0,2.5,0.0,12000.0,0.0,750.0
2018-05-29 16:03:54.093390,1023.0,2.5,0.0,12000.0,0.0,750.0
2018-05-29 16:03:54.362524,1023.0,2.5,0.0,12000.0,0.0,750.0
2018-05-29 16:03:54.565626,1023.0,2.5,0.0,12000.0,0.0,750.0
2018-05-29 16:03:54.791739,1023.0,2.5,0.0,12000.0,0.0,750.0
2018-05-29 16:03:55.039863,1023.0,2.5,0.0,12000.0,0.0,750.0
2018-05-29 16:03:55.261974,1023.0,2.5,0.0,12000.0,0.0,750.0
2018-05-29 16:03:55.531108,1023.0,2.5,0.0,12000.0,0.0,750.0
2018-05-29 16:03:55.738212,1023.0,2.5,0.0,12000.0,0.0,750.0
2018-05-29 16:03:55.973329,1023.0,2.5,0.0,12000.0,0.0,750.0
2018-05-29 16:03:56.287486,1023.0,2.5,0.0,12000.0,0.0,750.0
2018-05-29 16:03:56.556621,1023.0,2.5,0.0,12000.0,0.0,750.0
2018-05-29 16:03:56.792739,1023.0,2.5,0.0,12000.0,0.0,750.0
2018-05-29 16:03:57.003844,1023.0,2.5,0.0,12000.0,0.0,750.0
2018-05-29 16:03:57.344014,1023.0,2.5,0.0,12000.0,0.0,750.0
2018-05-29 16:03:57.681183,1023.0,2.5,0.0,12000.0,0.0,750.0
2018-05-29 16:03:57.929307,1023.0,2.5,0.0,12000.0,0.0,750.0
2018-05-29 16:03:58.165425,1023.0,2.5,0.0,12000.0,0.0,750.0
2018-05-29 16:03:58.388536,1023.0,2.5,0.0,12000.0,0.0,750.0
2018-05-29 16:03:58.605645,1023.0,2.5,0.0,12000.0,0.0,750.0
2018-05-29 16:03:58.823754,1023.0,2.5,0.0,12000.0,0.0,750.0
2018-05-29 16:03:59.024854,1023.0,2.5,0.0,12000.0,0.0,750.0
2018-05-29 16:03:59.225955,1023.0,2.5,0.0,12000.0,0.0,750.0
2018-05-29 16:03:59.434059,1023.0,2.5,0.0,12000.0,0.0,750.0
2018-05-29 16:03:59.640162,1023.0,2.5,0.0,12000.0,0.0,750.0
2018-05-29 16:03:59.847265,1023.0,2.5,0.0,12000.0,0.0,750.0
2018-05-29 16:04:00.048366,1023.0,2.5,0.0,12000.0,0.0,750.0
2018-05-29 16:04:00.250467,1023.0,2.5,0.0,12000.0,0.0,750.0
2018-05-29 16:04:00.452568,1023.0,2.5,0.0,12000.0,0.0,750.0
2018-05-29 16:04:00.655669,1023.0,2.5,0.0,12000.0,0.0,750.0
2018-05-29 16:04:00.858771,1023.0,2.5,0.0,12000.0,0.0,750.0
2018-05-29 16:04:01.057870,1023.0,2.5,0.0,12000.0,0.0,750.0
2018-05-29 16:04:01.265974,1023.0,2.5,0.0,12000.0,0.0,750.0
2018-05-29 16:04:01.468075,1023.0,2.5,0.0,12000.0,0.0,750.0
2018-05-29 16:04:01.669176,1023.0,2.5,0.0,12000.0,0.0,750.0
2018-05-29 16:04:01.883283,1023.0,2.5,0.0,12000.0,0.0,750.0
2018-05-29 16:04:02.090386,1023.0,2.5,0.0,12000.0,0.0,750.0
2018-05-29 16:04:02.297490,1023.0,2.5,0.0,12000.0,0.0,750.0
2018-05-29 16:04:02.518600,1023.0,2.5,0.0,12000.0,0.0,750.0
2018-05-29 16:04:02.726704,1023.0,2.5,0.0,12000.0,0.0,750.0
2018-05-29 16:04:02.932807,1023.0,2.5,0.0,12000.0,0.0,750.0
2018-05-29 16:04:03.138910,1023.0,2.5,0.0,12000.0,0.0,750.0
2018-05-29 16:04:03.352017,1023.0,2.5,0.0,12000.0,0.0,750.0
2018-05-29 16:04:03.562122,1023.0,2.5,0.0,12000.0,0.0,750.0
2018-05-29 16:04:03.765223,1023.0,2.5,0.0,12000.0,0.0,750.0
2018-05-29 16:04:03.972327,1023.0,2.5,0.0,12000.0,0.0,750.0
2018-05-29 16:04:04.179430,1023.0,2.5,0.0,12000.0,0.0,750.0
2018-05-29 16:04:04.485583,1023.0,2.5,0.0,12000.0,0.0,750.0
2018-05-29 16:04:04.869775,1023.0,2.5,0.0,12000.0,0.0,750.0
2018-05-29 16:04:05.200941,1023.0,2.5,0.0,12000.0,0.0,750.0
2018-05-29 16:04:05.431056,1023.0,2.5,0.0,12000.0,0.0,750.0
2018-05-29 16:04:05.777229,1023.0,2.5,0.0,12000.0,0.0,750.0
2018-05-29 16:04:06.055368,1023.0,2.5,0.0,12000.0,0.0,750.0
2018-05-29 16:04:06.258469,1023.0,2.5,0.0,12000.0,0.0,750.0
2018-05-29 16:04:06.472576,1023.0,2.5,0.0,12000.0,0.0,750.0
2018-05-29 16:04:06.674677,1023.0,2.5,0.0,12000.0,0.0,750.0
2018-05-29 16:04:06.894787,1023.0,2.5,0.0,12000.0,0.0,750.0
2018-05-29 16:04:07.100890,1023.0,2.5,0.0,12000.0,0.0,750.0
2018-05-29 16:04:07.302991,1023.0,2.5,0.0,12000.0,0.0,750.0
2018-05-29 16:04:07.506093,1023.0,2.5,0.0,12000.0,0.0,750.0
2018-05-29 16:04:07.714197,1023.0,2.5,0.0,12000.0,0.0,750.0
2018-05-29 16:04:07.923301,1023.0,2.5,0.0,12000.0,0.0,750.0
2018-05-29 16:04:08.129404,1023.0,2.5,0.0,12000.0,0.0,750.0
2018-05-29 16:04:08.381530,1023.0,2.5,0.0,12000.0,0.0,750.0
2018-05-29 16:04:08.595637,1023.0,2.5,0.0,12000.0,0.0,750.0
2018-05-29 16:04:08.808744,1023.0,2.5,0.0,12000.0,0.0,750.0
2018-05-29 16:04:09.012846,1023.0,2.5,0.0,12000.0,0.0,750.0
2018-05-29 16:04:09.219949,1023.0,2.5,0.0,12000.0,0.0,750.0
2018-05-29 16:04:09.431055,1023.0,2.5,0.0,12000.0,0.0,750.0
2018-05-29 16:04:09.639159,1023.0,2.5,0.0,12000.0,0.0,750.0
2018-05-29 16:04:09.864271,1023.0,2.5,0.0,12000.0,0.0,750.0
2018-05-29 16:04:10.076377,1023.0,2.5,0.0,12000.0,0.0,750.0
2018-05-29 16:04:10.277478,1023.0,2.5,0.0,12000.0,0.0,750.0
2018-05-29 16:04:10.495587,1023.0,2.5,0.0,12000.0,0.0,750.0
2018-05-29 16:04:10.697688,1023.0,2.5,0.0,12000.0,0.0,750.0
2018-05-29 16:04:10.906792,1023.0,2.5,0.0,12000.0,0.0,750.0
2018-05-29 16:04:11.107893,1023.0,2.5,0.0,12000.0,0.0,750.0
2018-05-29 16:04:11.315997,1023.0,2.5,0.0,12000.0,0.0,750.0
2018-05-29 16:04:11.538108,1023.0,2.5,0.0,12000.0,0.0,750.0
2018-05-29 16:04:11.742210,1023.0,2.5,0.0,12000.0,0.0,750.0
2018-05-29 16:04:11.943310,1023.0,2.5,0.0,12000.0,0.0,750.0
2018-05-29 16:04:12.168423,1023.0,2.5,0.0,12000.0,0.0,750.0
2018-05-29 16:04:12.414546,1023.0,2.5,0.0,12000.0,0.0,750.0
2018-05-29 16:04:12.613645,1023.0,2.5,0.0,12000.0,0.0,750.0
2018-05-29 16:04:12.818748,1023.0,2.5,0.0,12000.0,0.0,750.0
2018-05-29 16:04:13.043860,1023.0,2.5,0.0,12000.0,0.0,750.0
2018-05-29 16:04:13.248963,1023.0,2.5,0.0,12000.0,0.0,750.0
2018-05-29 16:04:13.452064,1023.0,2.5,0.0,12000.0,0.0,750.0
2018-05-29 16:04:13.653165,1023.0,2.5,0.0,12000.0,0.0,750.0
2018-05-29 16:04:13.860268,1023.0,2.5,0.0,12000.0,0.0,750.0
2018-05-29 16:04:14.079378,1023.0,2.5,0.0,12000.0,0.0,750.0
2018-05-29 16:04:14.281479,1023.0,2.5,0.0,12000.0,0.0,750.0
2018-05-29 16:04:14.487582,1023.0,2.5,0.0,12000.0,0.0,750.0
2018-05-29 16:04:14.694685,1023.0,2.5,0.0,12000.0,0.0,750.0
2018-05-29 16:04:14.902789,1023.0,2.5,0.0,12000.0,0.0,750.0
2018-05-29 16:04:15.110893,1023.0,2.5,0.0,12000.0,0.0,750.0
2018-05-29 16:04:15.336006,1023.0,2.5,0.0,12000.0,0.0,750.0
2018-05-29 16:04:15.609142,1023.0,2.5,0.0,12000.0,0.0,750.0
2018-05-29 16:04:15.813244,1023.0,2.5,0.0,12000.0,0.0,750.0
2018-05-29 16:04:16.023349,1023.0,2.5,0.0,12000.0,0.0,750.0
2018-05-29 16:04:16.231453,1023.0,2.5,0.0,12000.0,0.0,750.0
2018-05-29 16:04:16.440558,1023.0,2.5,0.0,12000.0,0.0,750.0
2018-05-29 16:04:16.649662,1023.0,2.5,0.0,12000.0,0.0,750.0
2018-05-29 16:04:16.897786,1023.0,2.5,0.0,12000.0,0.0,750.0
2018-05-29 16:04:17.162919,1023.0,2.5,0.0,12000.0,0.0,750.0
2018-05-29 16:04:17.371023,1023.0,2.5,0.0,12000.0,0.0,750.0
2018-05-29 16:04:17.596135,1023.0,2.5,0.0,12000.0,0.0,750.0
2018-05-29 16:04:17.805240,1023.0,2.5,0.0,12000.0,0.0,750.0
2018-05-29 16:04:18.014344,1023.0,2.5,0.0,12000.0,0.0,750.0
2018-05-29 16:04:18.221448,1023.0,2.5,0.0,12000.0,0.0,750.0
2018-05-29 16:04:18.517596,1023.0,2.5,0.0,12000.0,0.0,750.0
2018-05-29 16:04:18.745710,1023.0,2.5,0.0,12000.0,0.0,750.0
2018-05-29 16:04:18.986830,1023.0,2.5,0.0,12000.0,0.0,750.0
2018-05-29 16:04:19.251963,1023.0,2.5,0.0,12000.0,0.0,750.0
2018-05-29 16:04:19.539106,1023.0,2.5,0.0,12000.0,0.0,750.0
2018-05-29 16:04:19.745209,1023.0,2.5,0.0,12000.0,0.0,750.0
2018-05-29 16:04:19.953313,1023.0,2.5,0.0,12000.0,0.0,750.0
2018-05-29 16:04:20.166420,1023.0,2.5,0.0,12000.0,0.0,750.0
2018-05-29 16:04:20.372523,1023.0,2.5,0.0,12000.0,0.0,750.0
2018-05-29 16:04:20.577625,1023.0,2.5,0.0,12000.0,0.0,750.0
2018-05-29 16:04:20.778726,1023.0,2.5,0.0,12000.0,0.0,750.0
2018-05-29 16:04:20.983828,1023.0,2.5,0.0,12000.0,0.0,750.0
2018-05-29 16:04:21.186930,1023.0,2.5,0.0,12000.0,0.0,750.0
2018-05-29 16:04:21.397035,1023.0,2.5,0.0,12000.0,0.0,750.0
2018-05-29 16:04:21.639156,1023.0,2.5,0.0,12000.0,0.0,750.0
2018-05-29 16:04:21.848260,1023.0,2.5,0.0,12000.0,0.0,750.0
2018-05-29 16:04:22.051362,1023.0,2.5,0.0,12000.0,0.0,750.0
2018-05-29 16:04:22.266469,1023.0,2.5,0.0,12000.0,0.0,750.0
2018-05-29 16:04:22.470571,1023.0,2.5,0.0,12000.0,0.0,750.0
2018-05-29 16:04:22.687680,1023.0,2.5,0.0,12000.0,0.0,750.0
2018-05-29 16:04:22.896784,1023.0,2.5,0.0,12000.0,0.0,750.0
2018-05-29 16:04:23.100886,1023.0,2.5,0.0,12000.0,0.0,750.0
2018-05-29 16:04:23.316994,1023.0,2.5,0.0,12000.0,0.0,750.0
2018-05-29 16:04:23.532102,1023.0,2.5,0.0,12000.0,0.0,750.0
2018-05-29 16:04:23.735203,1023.0,2.5,0.0,12000.0,0.0,750.0
2018-05-29 16:04:23.946309,1023.0,2.5,0.0,12000.0,0.0,750.0
2018-05-29 16:04:24.167419,1023.0,2.5,0.0,12000.0,0.0,750.0
2018-05-29 16:04:24.367519,1023.0,2.5,0.0,12000.0,0.0,750.0
2018-05-29 16:04:24.571621,1023.0,2.5,0.0,12000.0,0.0,750.0
2018-05-29 16:04:24.781726,1023.0,2.5,0.0,12000.0,0.0,750.0
2018-05-29 16:04:24.984828,1023.0,2.5,0.0,12000.0,0.0,750.0
2018-05-29 16:04:25.210941,1023.0,2.5,0.0,12000.0,0.0,750.0
2018-05-29 16:04:25.413042,1023.0,2.5,0.0,12000.0,0.0,750.0
2018-05-29 16:04:25.615143,1023.0,2.5,0.0,12000.0,0.0,750.0
2018-05-29 16:04:25.819245,1023.0,2.5,0.0,12000.0,0.0,750.0
2018-05-29 16:04:26.021346,1023.0,2.5,0.0,12000.0,0.0,750.0
2018-05-29 16:04:26.266468,1023.0,2.5,0.0,12000.0,0.0,750.0
2018-05-29 16:04:26.467569,1023.0,2.5,0.0,12000.0,0.0,750.0
2018-05-29 16:04:26.677674,1023.0,2.5,0.0,12000.0,0.0,750.0
2018-05-29 16:04:26.881776,1023.0,2.5,0.0,12000.0,0.0,750.0
2018-05-29 16:04:27.099885,1023.0,2.5,0.0,12000.0,0.0,750.0
2018-05-29 16:04:27.300985,1023.0,2.5,0.0,12000.0,0.0,750.0
2018-05-29 16:04:27.506088,1023.0,2.5,0.0,12000.0,0.0,750.0
2018-05-29 16:04:27.742206,1023.0,2.5,0.0,12000.0,0.0,750.0
2018-05-29 16:04:27.944307,1023.0,2.5,0.0,12000.0,0.0,750.0
2018-05-29 16:04:28.148409,1023.0,2.5,0.0,12000.0,0.0,750.0
2018-05-29 16:04:28.350510,1023.0,2.5,0.0,12000.0,0.0,750.0
2018-05-29 16:04:28.558614,1023.0,2.5,0.0,12000.0,0.0,750.0
2018-05-29 16:04:28.802736,1023.0,2.5,0.0,12000.0,0.0,750.0
2018-05-29 16:04:29.011840,1023.0,2.5,0.0,12000.0,0.0,750.0
2018-05-29 16:04:29.223946,1023.0,2.5,0.0,12000.0,0.0,750.0
2018-05-29 16:04:29.430049,1023.0,2.5,0.0,12000.0,0.0,750.0
2018-05-29 16:04:29.642155,1023.0,2.5,0.0,12000.0,0.0,750.0
2018-05-29 16:04:29.851260,1023.0,2.5,0.0,12000.0,0.0,750.0
2018-05-29 16:04:30.057363,1023.0,2.5,0.0,12000.0,0.0,750.0
2018-05-29 16:04:30.285477,1023.0,2.5,0.0,12000.0,0.0,750.0
2018-05-29 16:04:30.491580,1023.0,2.5,0.0,12000.0,0.0,750.0
2018-05-29 16:04:30.697683,1023.0,2.5,0.0,12000.0,0.0,750.0
2018-05-29 16:04:30.899784,1023.0,2.5,0.0,12000.0,0.0,750.0
2018-05-29 16:04:31.107888,1023.0,2.5,0.0,12000.0,0.0,750.0
2018-05-29 16:04:31.319994,1023.0,2.5,0.0,12000.0,0.0,750.0
2018-05-29 16:04:31.528098,1023.0,2.5,0.0,12000.0,0.0,750.0
2018-05-29 16:04:31.728198,1023.0,2.5,0.0,12000.0,0.0,750.0
2018-05-29 16:04:31.931299,1023.0,2.5,0.0,12000.0,0.0,750.0
2018-05-29 16:04:32.137402,1023.0,2.5,0.0,12000.0,0.0,750.0
2018-05-29 16:04:32.339503,1023.0,2.5,0.0,12000.0,0.0,750.0
2018-05-29 16:04:32.552610,1023.0,2.5,0.0,12000.0,0.0,750.0
2018-05-29 16:04:32.760714,1023.0,2.5,0.0,12000.0,0.0,750.0
2018-05-29 16:04:32.974103,1023.0,2.5,0.0,12000.0,0.0,750.0
2018-05-29 16:04:33.220778,1023.0,2.5,0.0,12000.0,0.0,750.0
2018-05-29 16:04:33.444759,1023.0,2.5,0.0,12000.0,0.0,750.0
2018-05-29 16:04:33.654926,1023.0,2.5,0.0,12000.0,0.0,750.0
2018-05-29 16:04:33.859173,1023.0,2.5,0.0,12000.0,0.0,750.0
2018-05-29 16:04:34.066380,1023.0,2.5,0.0,12000.0,0.0,750.0
2018-05-29 16:04:34.266680,1023.0,2.5,0.0,12000.0,0.0,750.0
2018-05-29 16:04:34.473887,1023.0,2.5,0.0,12000.0,0.0,750.0
2018-05-29 16:04:34.673201,1023.0,2.5,0.0,12000.0,0.0,750.0
2018-05-29 16:04:34.875474,1023.0,2.5,0.0,12000.0,0.0,750.0
2018-05-29 16:04:35.072814,1023.0,2.5,0.0,12000.0,0.0,750.0
2018-05-29 16:04:35.277061,1023.0,2.5,0.0,12000.0,0.0,750.0
2018-05-29 16:04:35.488215,1023.0,2.5,0.0,12000.0,0.0,750.0
2018-05-29 16:04:35.688515,1023.0,2.5,0.0,12000.0,0.0,750.0
2018-05-29 16:04:35.895722,1023.0,2.5,0.0,12000.0,0.0,750.0
2018-05-29 16:04:36.101942,1023.0,2.5,0.0,12000.0,0.0,750.0
2018-05-29 16:04:36.323950,1023.0,2.5,0.0,12000.0,0.0,750.0
2018-05-29 16:04:36.530170,1023.0,2.5,0.0,12000.0,0.0,750.0
2018-05-29 16:04:36.734417,1023.0,2.5,0.0,12000.0,0.0,750.0
2018-05-29 16:04:36.948531,1023.0,2.5,0.0,12000.0,0.0,750.0
2018-05-29 16:04:37.150804,1023.0,2.5,0.0,12000.0,0.0,750.0
2018-05-29 16:04:37.359985,1023.0,2.5,0.0,12000.0,0.0,750.0
2018-05-29 16:04:37.567192,1023.0,2.5,0.0,12000.0,0.0,750.0
2018-05-29 16:04:37.776372,1023.0,2.5,0.0,12000.0,0.0,750.0
2018-05-29 16:04:37.976672,1023.0,2.5,0.0,12000.0,0.0,750.0
2018-05-29 16:04:38.188813,1023.0,2.5,0.0,12000.0,0.0,750.0
2018-05-29 16:04:38.397006,1023.0,2.5,0.0,12000.0,0.0,750.0
2018-05-29 16:04:38.596320,1023.0,2.5,0.0,12000.0,0.0,750.0
2018-05-29 16:04:38.813394,1023.0,2.5,0.0,12000.0,0.0,750.0
2018-05-29 16:04:39.019614,1023.0,2.5,0.0,12000.0,0.0,750.0
2018-05-29 16:04:39.228794,1023.0,2.5,0.0,12000.0,0.0,750.0
2018-05-29 16:04:39.434028,1023.0,2.5,0.0,12000.0,0.0,750.0
2018-05-29 16:04:39.638275,1023.0,2.5,0.0,12000.0,0.0,750.0
2018-05-29 16:04:39.859296,1023.0,2.5,0.0,12000.0,0.0,750.0
2018-05-29 16:04:40.060583,1023.0,2.5,0.0,12000.0,0.0,750.0
2018-05-29 16:04:40.260883,1023.0,2.5,0.0,12000.0,0.0,750.0
2018-05-29 16:04:40.468090,1023.0,2.5,0.0,12000.0,0.0,750.0
2018-05-29 16:04:40.675297,1023.0,2.5,0.0,12000.0,0.0,750.0
2018-05-29 16:04:40.898291,1023.0,2.5,0.0,12000.0,0.0,750.0
2018-05-29 16:04:41.113391,1023.0,2.5,0.0,12000.0,0.0,750.0
2018-05-29 16:04:41.325532,1023.0,2.5,0.0,12000.0,0.0,750.0
2018-05-29 16:04:41.526819,1023.0,2.5,0.0,12000.0,0.0,750.0
2018-05-29 16:04:41.730079,1023.0,2.5,0.0,12000.0,0.0,750.0
2018-05-29 16:04:41.932352,1023.0,2.5,0.0,12000.0,0.0,750.0
2018-05-29 16:04:42.132653,1023.0,2.5,0.0,12000.0,0.0,750.0
2018-05-29 16:04:42.364527,1023.0,2.5,0.0,12000.0,0.0,750.0
2018-05-29 16:04:42.564827,1023.0,2.5,0.0,12000.0,0.0,750.0
2018-05-29 16:04:42.767101,1023.0,2.5,0.0,12000.0,0.0,750.0
2018-05-29 16:04:42.969374,1023.0,2.5,0.0,12000.0,0.0,750.0
2018-05-29 16:04:43.174608,1023.0,2.5,0.0,12000.0,0.0,750.0
2018-05-29 16:04:43.375895,1023.0,2.5,0.0,12000.0,0.0,750.0
2018-05-29 16:04:43.578168,1023.0,2.5,0.0,12000.0,0.0,750.0
2018-05-29 16:04:43.785375,1023.0,2.5,0.0,12000.0,0.0,750.0
2018-05-29 16:04:43.982715,1023.0,2.5,0.0,12000.0,0.0,750.0
2018-05-29 16:04:44.185975,1023.0,2.5,0.0,12000.0,0.0,750.0
2018-05-29 16:04:44.390222,1023.0,2.5,0.0,12000.0,0.0,750.0
2018-05-29 16:04:44.593482,1023.0,2.5,0.0,12000.0,0.0,750.0
2018-05-29 16:04:44.797729,1023.0,2.5,0.0,12000.0,0.0,750.0
2018-05-29 16:04:44.997043,1023.0,2.5,0.0,12000.0,0.0,750.0
2018-05-29 16:04:45.195369,1023.0,2.5,0.0,12000.0,0.0,750.0
2018-05-29 16:04:45.400603,1023.0,2.5,0.0,12000.0,0.0,750.0
2018-05-29 16:04:45.711413,1023.0,2.5,0.0,12000.0,0.0,750.0
2018-05-29 16:04:46.039985,1023.0,2.5,0.0,12000.0,0.0,750.0
2018-05-29 16:04:46.309354,1023.0,2.5,0.0,12000.0,0.0,750.0
2018-05-29 16:04:46.546162,1023.0,2.5,0.0,12000.0,0.0,750.0
2018-05-29 16:04:46.748435,1023.0,2.5,0.0,12000.0,0.0,750.0
2018-05-29 16:04:46.975376,1023.0,2.5,0.0,12000.0,0.0,750.0
2018-05-29 16:04:47.181596,1023.0,2.5,0.0,12000.0,0.0,750.0
2018-05-29 16:04:47.385843,1023.0,2.5,0.0,12000.0,0.0,750.0
2018-05-29 16:04:47.593050,1023.0,2.5,0.0,12000.0,0.0,750.0
2018-05-29 16:04:47.805191,1023.0,2.5,0.0,12000.0,0.0,750.0
2018-05-29 16:04:48.008451,1023.0,2.5,0.0,12000.0,0.0,750.0
2018-05-29 16:04:48.210725,1023.0,2.5,0.0,12000.0,0.0,750.0
2018-05-29 16:04:48.416945,1023.0,2.5,0.0,12000.0,0.0,750.0
2018-05-29 16:04:48.619218,1023.0,2.5,0.0,12000.0,0.0,750.0
2018-05-29 16:04:48.859973,1023.0,2.5,0.0,12000.0,0.0,750.0
2018-05-29 16:04:49.070140,1023.0,2.5,0.0,12000.0,0.0,750.0
2018-05-29 16:04:49.266494,1023.0,2.5,0.0,12000.0,0.0,750.0
2018-05-29 16:04:49.468767,1023.0,2.5,0.0,12000.0,0.0,750.0
2018-05-29 16:04:49.681894,1023.0,2.5,0.0,12000.0,0.0,750.0
2018-05-29 16:04:49.886141,1023.0,2.5,0.0,12000.0,0.0,750.0
2018-05-29 16:04:50.088415,1023.0,2.5,0.0,12000.0,0.0,750.0
2018-05-29 16:04:50.291675,1023.0,2.5,0.0,12000.0,0.0,750.0
2018-05-29 16:04:50.490988,1023.0,2.5,0.0,12000.0,0.0,750.0
2018-05-29 16:04:50.688328,1023.0,2.5,0.0,12000.0,0.0,750.0
2018-05-29 16:04:50.895535,1023.0,2.5,0.0,12000.0,0.0,750.0
2018-05-29 16:04:51.106689,1023.0,2.5,0.0,12000.0,0.0,750.0
2018-05-29 16:04:51.329683,1023.0,2.5,0.0,12000.0,0.0,750.0
2018-05-29 16:04:51.551691,1023.0,2.5,0.0,12000.0,0.0,750.0
2018-05-29 16:04:51.759884,1023.0,2.5,0.0,12000.0,0.0,750.0
2018-05-29 16:04:51.978932,1023.0,2.5,0.0,12000.0,0.0,750.0
2018-05-29 16:04:52.229554,1023.0,2.5,0.0,12000.0,0.0,750.0
2018-05-29 16:04:52.434787,1023.0,2.5,0.0,12000.0,0.0,750.0
2018-05-29 16:04:52.642981,1023.0,2.5,0.0,12000.0,0.0,750.0
2018-05-29 16:04:52.868935,1023.0,2.5,0.0,12000.0,0.0,750.0
2018-05-29 16:04:53.082062,1023.0,2.5,0.0,12000.0,0.0,750.0
2018-05-29 16:04:53.285323,1023.0,2.5,0.0,12000.0,0.0,750.0
2018-05-29 16:04:53.483649,1023.0,2.5,0.0,12000.0,0.0,750.0
2018-05-29 16:04:53.686910,1023.0,2.5,0.0,12000.0,0.0,750.0
2018-05-29 16:04:53.890170,1023.0,2.5,0.0,12000.0,0.0,750.0
2018-05-29 16:04:54.094417,1023.0,2.5,0.0,12000.0,0.0,750.0
2018-05-29 16:04:54.298664,1023.0,2.5,0.0,12000.0,0.0,750.0
2018-05-29 16:04:54.502910,1023.0,2.5,0.0,12000.0,0.0,750.0
2018-05-29 16:04:54.707157,1023.0,2.5,0.0,12000.0,0.0,750.0
2018-05-29 16:04:54.913378,1023.0,2.5,0.0,12000.0,0.0,750.0
2018-05-29 16:04:55.116638,1023.0,2.5,0.0,12000.0,0.0,750.0
2018-05-29 16:04:55.329765,1023.0,2.5,0.0,12000.0,0.0,750.0
2018-05-29 16:04:55.528092,1023.0,2.5,0.0,12000.0,0.0,750.0
2018-05-29 16:04:55.732339,1023.0,2.5,0.0,12000.0,0.0,750.0
2018-05-29 16:04:55.941519,1023.0,2.5,0.0,12000.0,0.0,750.0
2018-05-29 16:04:56.143793,1023.0,2.5,0.0,12000.0,0.0,750.0
2018-05-29 16:04:56.352973,1023.0,2.5,0.0,12000.0,0.0,750.0
2018-05-29 16:04:56.556233,1023.0,2.5,0.0,12000.0,0.0,750.0
2018-05-29 16:04:56.762453,1023.0,2.5,0.0,12000.0,0.0,750.0
2018-05-29 16:04:56.965714,1023.0,2.5,0.0,12000.0,0.0,750.0
2018-05-29 16:04:57.172921,1023.0,2.5,0.0,12000.0,0.0,750.0
2018-05-29 16:04:57.372234,1023.0,2.5,0.0,12000.0,0.0,750.0
2018-05-29 16:04:57.602135,1023.0,2.5,0.0,12000.0,0.0,750.0
2018-05-29 16:04:57.887291,1023.0,2.5,0.0,12000.0,0.0,750.0
2018-05-29 16:04:58.165541,1023.0,2.5,0.0,12000.0,0.0,750.0
2018-05-29 16:04:58.411229,1023.0,2.5,0.0,12000.0,0.0,750.0
2018-05-29 16:04:58.708226,1023.0,2.5,0.0,12000.0,0.0,750.0
2018-05-29 16:04:58.956874,1023.0,2.5,0.0,12000.0,0.0,750.0
