datetime,IP1,FC1,Volt FC1 ,Vtip,Itip,BV1
2018-05-30 10:49:35.795746,1023.0,0.0,0.0,0.0,0.0,0.0
2018-05-30 10:49:35.956618,1023.0,0.0,0.0,0.0,0.0,0.0
2018-05-30 10:49:36.168448,1023.0,0.0,0.0,0.0,0.0,0.0
2018-05-30 10:49:36.377281,1023.0,0.0,0.0,0.0,0.0,0.0
2018-05-30 10:49:36.582117,1023.0,0.0,0.0,0.0,0.0,0.0
2018-05-30 10:49:36.788951,1023.0,0.0,0.0,0.0,0.0,0.0
2018-05-30 10:49:36.992788,1023.0,0.0,0.0,0.0,0.0,0.0
2018-05-30 10:49:37.194626,1023.0,0.0,0.0,0.0,0.0,0.0
2018-05-30 10:49:37.395466,1023.0,0.0,0.0,0.0,0.0,0.0
2018-05-30 10:49:37.598303,1023.0,0.0,0.0,0.0,0.0,0.0
2018-05-30 10:49:37.801141,1023.0,0.0,0.0,0.0,0.0,0.0
2018-05-30 10:49:38.001980,1023.0,0.0,0.0,0.0,0.0,0.0
2018-05-30 10:49:38.204818,1023.0,0.0,0.0,0.0,0.0,0.0
2018-05-30 10:49:38.405657,1023.0,0.0,0.0,0.0,0.0,0.0
2018-05-30 10:49:38.609494,1023.0,0.0,0.0,0.0,0.0,0.0
2018-05-30 10:49:38.812331,1023.0,0.0,0.0,0.0,0.0,0.0
2018-05-30 10:49:39.088110,1023.0,0.0,0.0,0.0,0.0,0.0
2018-05-30 10:49:39.305936,1023.0,0.0,0.0,0.0,0.0,0.0
2018-05-30 10:49:39.505776,1023.0,0.0,0.0,0.0,0.0,0.0
2018-05-30 10:49:39.707614,1023.0,0.0,0.0,0.0,0.0,0.0
2018-05-30 10:49:39.951419,1023.0,0.0,0.0,0.0,0.0,0.0
2018-05-30 10:49:40.202218,1023.0,0.0,0.0,0.0,0.0,0.0
2018-05-30 10:49:40.405056,1023.0,0.0,0.0,0.0,0.0,0.0
2018-05-30 10:49:40.606894,1023.0,0.0,0.0,0.0,0.0,0.0
2018-05-30 10:49:40.808733,1023.0,0.0,0.0,0.0,0.0,0.0
2018-05-30 10:49:41.010571,1023.0,0.0,0.0,0.0,0.0,0.0
2018-05-30 10:49:41.213409,1023.0,0.0,0.0,0.0,0.0,0.0
2018-05-30 10:49:41.415247,1023.0,0.0,0.0,0.0,0.0,0.0
2018-05-30 10:49:41.708013,1023.0,0.0,0.0,0.0,0.0,0.0
2018-05-30 10:49:41.910850,1023.0,0.0,0.0,0.0,0.0,0.0
2018-05-30 10:49:42.116686,1023.0,0.0,0.0,0.0,0.0,0.0
2018-05-30 10:49:42.321522,1023.0,0.0,0.0,0.0,0.0,0.0
2018-05-30 10:49:42.523360,1023.0,0.0,0.0,0.0,0.0,0.0
2018-05-30 10:49:42.740186,1023.0,0.0,0.0,0.0,0.0,0.0
2018-05-30 10:49:42.941026,1023.0,0.0,0.0,0.0,0.0,0.0
2018-05-30 10:49:43.143863,1023.0,0.0,0.0,0.0,0.0,0.0
2018-05-30 10:49:43.344702,1023.0,0.0,0.0,0.0,0.0,0.0
2018-05-30 10:49:43.545542,1023.0,0.0,0.0,0.0,0.0,0.0
2018-05-30 10:49:43.749378,1023.0,0.0,0.0,0.0,0.0,0.0
2018-05-30 10:49:43.951217,1023.0,0.0,0.0,0.0,0.0,0.0
2018-05-30 10:49:44.154054,1023.0,0.0,0.0,0.0,0.0,0.0
2018-05-30 10:49:44.430833,1023.0,0.0,0.0,0.0,0.0,0.0
2018-05-30 10:49:44.669642,1023.0,0.0,0.0,0.0,0.0,0.0
2018-05-30 10:49:44.875477,1023.0,0.0,0.0,0.0,0.0,0.0
2018-05-30 10:49:45.077315,1023.0,0.0,0.0,0.0,0.0,0.0
2018-05-30 10:49:45.280153,1023.0,0.0,0.0,0.0,0.0,0.0
2018-05-30 10:49:45.481991,1023.0,0.0,0.0,0.0,0.0,0.0
2018-05-30 10:49:45.721799,1023.0,0.0,0.0,0.0,0.0,0.0
2018-05-30 10:49:45.922638,1023.0,0.0,0.0,0.0,0.0,0.0
2018-05-30 10:49:46.124477,1023.0,0.0,0.0,0.0,0.0,0.0
2018-05-30 10:49:46.333310,1023.0,0.0,0.0,0.0,0.0,0.0
2018-05-30 10:49:46.621079,1023.0,0.0,0.0,0.0,0.0,0.0
2018-05-30 10:49:46.826914,1023.0,0.0,0.0,0.0,0.0,0.0
2018-05-30 10:49:47.027754,1023.0,0.0,0.0,0.0,0.0,0.0
2018-05-30 10:49:47.232590,1023.0,0.0,0.0,0.0,0.0,0.0
2018-05-30 10:49:47.435427,1023.0,0.0,0.0,0.0,0.0,0.0
2018-05-30 10:49:47.638265,1023.0,0.0,0.0,0.0,0.0,0.0
2018-05-30 10:49:47.877074,1023.0,0.0,0.0,0.0,0.0,0.0
2018-05-30 10:49:48.079911,1023.0,0.0,0.0,0.0,0.0,0.0
2018-05-30 10:49:48.281750,1023.0,0.0,0.0,0.0,0.0,0.0
2018-05-30 10:49:48.484587,1023.0,0.0,0.0,0.0,0.0,0.0
2018-05-30 10:49:48.689423,1023.0,0.0,0.0,0.0,0.0,0.0
2018-05-30 10:49:48.914243,1023.0,0.0,0.0,0.0,0.0,0.0
2018-05-30 10:49:49.138064,1023.0,0.0,0.0,0.0,0.0,0.0
2018-05-30 10:49:49.372876,1023.0,0.0,0.0,0.0,0.0,0.0
2018-05-30 10:49:49.575714,1023.0,0.0,0.0,0.0,0.0,0.0
2018-05-30 10:49:49.777552,1023.0,0.0,0.0,0.0,0.0,0.0
2018-05-30 10:49:49.978391,1023.0,0.0,0.0,0.0,0.0,0.0
2018-05-30 10:49:50.179230,1023.0,0.0,0.0,0.0,0.0,0.0
2018-05-30 10:49:50.385066,1023.0,0.0,0.0,0.0,0.0,0.0
2018-05-30 10:49:50.599894,1023.0,0.0,0.0,0.0,0.0,0.0
2018-05-30 10:49:50.907647,1023.0,0.0,0.0,0.0,0.0,0.0
2018-05-30 10:49:51.110485,1023.0,0.0,0.0,0.0,0.0,0.0
2018-05-30 10:49:51.312323,1023.0,0.0,0.0,0.0,0.0,0.0
2018-05-30 10:49:51.514162,1023.0,0.0,0.0,0.0,0.0,0.0
2018-05-30 10:49:51.723994,1023.0,0.0,0.0,0.0,0.0,0.0
2018-05-30 10:49:51.927830,1023.0,0.0,0.0,0.0,0.0,0.0
2018-05-30 10:49:52.169637,1023.0,0.0,0.0,0.0,0.0,0.0
2018-05-30 10:49:52.372474,1023.0,0.0,0.0,0.0,0.0,0.0
2018-05-30 10:49:52.573314,1023.0,0.0,0.0,0.0,0.0,0.0
2018-05-30 10:49:52.774153,1023.0,0.0,0.0,0.0,0.0,0.0
2018-05-30 10:49:52.976990,1023.0,0.0,0.0,0.0,0.0,0.0
2018-05-30 10:49:53.177830,1023.0,0.0,0.0,0.0,0.0,0.0
2018-05-30 10:49:53.379668,1023.0,0.0,0.0,0.0,0.0,0.0
2018-05-30 10:49:53.587502,1023.0,0.0,0.0,0.0,0.0,0.0
2018-05-30 10:49:53.788341,1023.0,0.0,0.0,0.0,0.0,0.0
2018-05-30 10:49:53.990179,1023.0,0.0,0.0,0.0,0.0,0.0
2018-05-30 10:49:54.191018,1023.0,0.0,0.0,0.0,0.0,0.0
2018-05-30 10:49:54.392857,1023.0,0.0,0.0,0.0,0.0,0.0
2018-05-30 10:49:54.594695,1023.0,0.0,0.0,0.0,0.0,0.0
2018-05-30 10:49:54.795534,1023.0,0.0,0.0,0.0,0.0,0.0
2018-05-30 10:49:54.998372,1023.0,0.0,0.0,0.0,0.0,0.0
2018-05-30 10:49:55.199211,1023.0,0.0,0.0,0.0,0.0,0.0
2018-05-30 10:49:55.401050,1023.0,0.0,0.0,0.0,0.0,0.0
2018-05-30 10:49:55.601889,1023.0,0.0,0.0,0.0,0.0,0.0
2018-05-30 10:49:55.802728,1023.0,0.0,0.0,0.0,0.0,0.0
2018-05-30 10:49:56.004566,1023.0,0.0,0.0,0.0,0.0,0.0
2018-05-30 10:49:56.214398,1023.0,0.0,0.0,0.0,0.0,0.0
2018-05-30 10:49:56.420234,1023.0,0.0,0.0,0.0,0.0,0.0
2018-05-30 10:49:56.621073,1023.0,0.0,0.0,0.0,0.0,0.0
2018-05-30 10:49:56.822911,1023.0,0.0,0.0,0.0,0.0,0.0
2018-05-30 10:49:57.025749,1023.0,0.0,0.0,0.0,0.0,0.0
2018-05-30 10:49:57.226588,1023.0,0.0,0.0,0.0,0.0,0.0
2018-05-30 10:49:57.431424,1023.0,0.0,0.0,0.0,0.0,0.0
2018-05-30 10:49:57.631264,1023.0,0.0,0.0,0.0,0.0,0.0
2018-05-30 10:49:57.872071,1023.0,0.0,0.0,0.0,0.0,0.0
2018-05-30 10:49:58.073910,1023.0,0.0,0.0,0.0,0.0,0.0
2018-05-30 10:49:58.274749,1023.0,0.0,0.0,0.0,0.0,0.0
2018-05-30 10:49:58.476587,1023.0,0.0,0.0,0.0,0.0,0.0
2018-05-30 10:49:58.677426,1023.0,0.0,0.0,0.0,0.0,0.0
2018-05-30 10:49:58.879265,1023.0,0.0,0.0,0.0,0.0,0.0
2018-05-30 10:49:59.082102,1023.0,0.0,0.0,0.0,0.0,0.0
2018-05-30 10:49:59.286938,1023.0,0.0,0.0,0.0,0.0,0.0
2018-05-30 10:49:59.491774,1023.0,0.0,0.0,0.0,0.0,0.0
2018-05-30 10:49:59.692614,1023.0,0.0,0.0,0.0,0.0,0.0
2018-05-30 10:49:59.893453,1023.0,0.0,0.0,0.0,0.0,0.0
2018-05-30 10:50:00.095291,1023.0,0.0,0.0,0.0,0.0,0.0
2018-05-30 10:50:00.296130,1023.0,0.0,0.0,0.0,0.0,0.0
2018-05-30 10:50:00.498968,1023.0,0.0,0.0,0.0,0.0,0.0
2018-05-30 10:50:00.700806,1023.0,0.0,0.0,0.0,0.0,0.0
2018-05-30 10:50:00.901646,1023.0,0.0,0.0,0.0,0.0,0.0
2018-05-30 10:50:01.104483,1023.0,0.0,0.0,0.0,0.0,0.0
2018-05-30 10:50:03.270749,1023.0,0.0,0.0,0.0,0.0,0.0
2018-05-30 10:50:03.279742,1023.0,0.0,0.0,0.0,0.0,0.0
2018-05-30 10:50:03.287735,1023.0,0.0,0.0,0.0,0.0,0.0
2018-05-30 10:50:03.297727,1023.0,0.0,0.0,0.0,0.0,0.0
2018-05-30 10:50:03.346688,1023.0,0.0,0.0,0.0,0.0,0.0
2018-05-30 10:50:03.355681,1023.0,0.0,0.0,0.0,0.0,0.0
2018-05-30 10:50:03.363674,1023.0,0.0,0.0,0.0,0.0,0.0
2018-05-30 10:50:03.372667,1023.0,0.0,0.0,0.0,0.0,0.0
2018-05-30 10:50:03.380661,1023.0,0.0,0.0,0.0,0.0,0.0
2018-05-30 10:50:03.388654,1023.0,0.0,0.0,0.0,0.0,0.0
2018-05-30 10:50:03.428622,1023.0,0.0,0.0,0.0,0.0,0.0
