datetime,IP1,FC1,Volt FC1 ,Vtip,Itip,BV1
2018-05-29 17:08:39.571422,1023.0,2.5,0.0,12000.0,0.0,750.0
2018-05-29 17:08:39.720333,1023.0,2.5,0.0,12000.0,0.0,750.0
2018-05-29 17:08:39.922211,1023.0,2.5,0.0,12000.0,0.0,750.0
2018-05-29 17:08:40.124090,1023.0,2.5,0.0,12000.0,0.0,750.0
2018-05-29 17:08:40.326968,1023.0,2.5,0.0,12000.0,0.0,750.0
2018-05-29 17:08:40.531845,1023.0,2.5,0.0,12000.0,0.0,750.0
2018-05-29 17:08:40.733724,1023.0,2.5,0.0,12000.0,0.0,750.0
2018-05-29 17:08:40.934604,1023.0,2.5,0.0,12000.0,0.0,750.0
2018-05-29 17:08:41.135483,1023.0,2.5,0.0,12000.0,0.0,750.0
2018-05-29 17:08:41.336362,1023.0,2.5,0.0,12000.0,0.0,750.0
2018-05-29 17:08:41.537242,1023.0,2.5,0.0,12000.0,0.0,750.0
2018-05-29 17:08:41.738121,1023.0,2.5,0.0,12000.0,0.0,750.0
2018-05-29 17:08:41.939001,1023.0,2.5,0.0,12000.0,0.0,750.0
2018-05-29 17:08:42.139880,1023.0,2.5,0.0,12000.0,0.0,750.0
2018-05-29 17:08:42.341759,1023.0,2.5,0.0,12000.0,0.0,750.0
2018-05-29 17:08:42.542638,1023.0,2.5,0.0,12000.0,0.0,750.0
2018-05-29 17:08:42.745516,1023.0,2.5,0.0,12000.0,0.0,750.0
2018-05-29 17:08:42.949394,1023.0,2.5,0.0,12000.0,0.0,750.0
2018-05-29 17:08:43.147275,1023.0,2.5,0.0,12000.0,0.0,750.0
2018-05-29 17:08:43.348155,1023.0,2.5,0.0,12000.0,0.0,750.0
2018-05-29 17:08:43.549034,1023.0,2.5,0.0,12000.0,0.0,750.0
2018-05-29 17:08:43.749913,1023.0,2.5,0.0,12000.0,0.0,750.0
2018-05-29 17:08:43.950793,1023.0,2.5,0.0,12000.0,0.0,750.0
2018-05-29 17:08:44.151672,1023.0,2.5,0.0,12000.0,0.0,750.0
2018-05-29 17:08:44.356549,1023.0,2.5,0.0,12000.0,0.0,750.0
2018-05-29 17:08:44.553431,1023.0,2.5,0.0,12000.0,0.0,750.0
2018-05-29 17:08:44.754310,1023.0,2.5,0.0,12000.0,0.0,750.0
2018-05-29 17:08:44.956189,1023.0,2.5,0.0,12000.0,0.0,750.0
2018-05-29 17:08:45.157069,1023.0,2.5,0.0,12000.0,0.0,750.0
2018-05-29 17:08:45.357948,1023.0,2.5,0.0,12000.0,0.0,750.0
2018-05-29 17:08:45.558827,1023.0,2.5,0.0,12000.0,0.0,750.0
2018-05-29 17:08:45.763704,1023.0,2.5,0.0,12000.0,0.0,750.0
2018-05-29 17:08:45.960586,1023.0,2.5,0.0,12000.0,0.0,750.0
2018-05-29 17:08:46.161466,1023.0,2.5,0.0,12000.0,0.0,750.0
2018-05-29 17:08:46.362345,1023.0,2.5,0.0,12000.0,0.0,750.0
2018-05-29 17:08:46.563224,1023.0,2.5,0.0,12000.0,0.0,750.0
2018-05-29 17:08:46.764104,1023.0,2.5,0.0,12000.0,0.0,750.0
2018-05-29 17:08:46.964983,1023.0,2.5,0.0,12000.0,0.0,750.0
2018-05-29 17:08:47.165863,1023.0,2.5,0.0,12000.0,0.0,750.0
2018-05-29 17:08:47.367741,1023.0,2.5,0.0,12000.0,0.0,750.0
2018-05-29 17:08:47.568621,1023.0,2.5,0.0,12000.0,0.0,750.0
2018-05-29 17:08:47.769500,1023.0,2.5,0.0,12000.0,0.0,750.0
2018-05-29 17:08:47.971379,1023.0,2.5,0.0,12000.0,0.0,750.0
2018-05-29 17:08:48.172258,1023.0,2.5,0.0,12000.0,0.0,750.0
2018-05-29 17:08:48.374137,1023.0,2.5,0.0,12000.0,0.0,750.0
2018-05-29 17:08:48.578015,1023.0,2.5,0.0,12000.0,0.0,750.0
2018-05-29 17:08:48.776895,1023.0,2.5,0.0,12000.0,0.0,750.0
2018-05-29 17:08:48.977775,1023.0,2.5,0.0,12000.0,0.0,750.0
2018-05-29 17:08:49.179654,1023.0,2.5,0.0,12000.0,0.0,750.0
2018-05-29 17:08:49.381532,1023.0,2.5,0.0,12000.0,0.0,750.0
2018-05-29 17:08:49.582412,1023.0,2.5,0.0,12000.0,0.0,750.0
2018-05-29 17:08:49.783291,1023.0,2.5,0.0,12000.0,0.0,750.0
2018-05-29 17:08:49.985170,1023.0,2.5,0.0,12000.0,0.0,750.0
2018-05-29 17:08:50.187049,1023.0,2.5,0.0,12000.0,0.0,750.0
2018-05-29 17:08:50.393925,1023.0,2.5,0.0,12000.0,0.0,750.0
2018-05-29 17:08:50.596803,1023.0,2.5,0.0,12000.0,0.0,750.0
2018-05-29 17:08:50.797682,1023.0,2.5,0.0,12000.0,0.0,750.0
2018-05-29 17:08:51.012553,1023.0,2.5,0.0,12000.0,0.0,750.0
2018-05-29 17:08:51.214432,1023.0,2.5,0.0,12000.0,0.0,750.0
2018-05-29 17:08:51.415311,1023.0,2.5,0.0,12000.0,0.0,750.0
2018-05-29 17:08:51.620188,1023.0,2.5,0.0,12000.0,0.0,750.0
2018-05-29 17:08:51.821068,1023.0,2.5,0.0,12000.0,0.0,750.0
2018-05-29 17:08:52.024945,1023.0,2.5,0.0,12000.0,0.0,750.0
2018-05-29 17:08:52.241815,1023.0,2.5,0.0,12000.0,0.0,750.0
2018-05-29 17:08:52.458685,1023.0,2.5,0.0,12000.0,0.0,750.0
2018-05-29 17:08:52.674555,1023.0,2.5,0.0,12000.0,0.0,750.0
2018-05-29 17:08:52.879432,1023.0,2.5,0.0,12000.0,0.0,750.0
2018-05-29 17:08:53.079312,1023.0,2.5,0.0,12000.0,0.0,750.0
2018-05-29 17:08:53.290186,1023.0,2.5,0.0,12000.0,0.0,750.0
2018-05-29 17:08:53.505057,1023.0,2.5,0.0,12000.0,0.0,750.0
2018-05-29 17:08:53.707935,1023.0,2.5,0.0,12000.0,0.0,750.0
2018-05-29 17:08:53.910813,1023.0,2.5,0.0,12000.0,0.0,750.0
2018-05-29 17:08:54.113691,1023.0,2.5,0.0,12000.0,0.0,750.0
2018-05-29 17:08:54.314571,1023.0,2.5,0.0,12000.0,0.0,750.0
2018-05-29 17:08:54.518448,1023.0,2.5,0.0,12000.0,0.0,750.0
2018-05-29 17:08:54.719328,1023.0,2.5,0.0,12000.0,0.0,750.0
2018-05-29 17:08:54.921207,1023.0,2.5,0.0,12000.0,0.0,750.0
2018-05-29 17:08:55.122086,1023.0,2.5,0.0,12000.0,0.0,750.0
2018-05-29 17:08:55.328962,1023.0,2.5,0.0,12000.0,0.0,750.0
2018-05-29 17:08:55.531840,1023.0,2.5,0.0,12000.0,0.0,750.0
2018-05-29 17:08:55.732719,1023.0,2.5,0.0,12000.0,0.0,750.0
2018-05-29 17:08:55.933599,1023.0,2.5,0.0,12000.0,0.0,750.0
2018-05-29 17:08:56.134478,1023.0,2.5,0.0,12000.0,0.0,750.0
2018-05-29 17:08:56.335358,1023.0,2.5,0.0,12000.0,0.0,750.0
2018-05-29 17:08:56.541234,1023.0,2.5,0.0,12000.0,0.0,750.0
2018-05-29 17:08:56.738116,1023.0,2.5,0.0,12000.0,0.0,750.0
2018-05-29 17:08:56.938995,1023.0,2.5,0.0,12000.0,0.0,750.0
2018-05-29 17:08:57.148869,1023.0,2.5,0.0,12000.0,0.0,750.0
2018-05-29 17:08:57.350748,1023.0,2.5,0.0,12000.0,0.0,750.0
2018-05-29 17:08:57.551627,1023.0,2.5,0.0,12000.0,0.0,750.0
2018-05-29 17:08:57.756504,1023.0,2.5,0.0,12000.0,0.0,750.0
2018-05-29 17:08:57.959383,1023.0,2.5,0.0,12000.0,0.0,750.0
2018-05-29 17:08:58.161261,1023.0,2.5,0.0,12000.0,0.0,750.0
2018-05-29 17:08:58.367138,1023.0,2.5,0.0,12000.0,0.0,750.0
2018-05-29 17:08:58.569017,1023.0,2.5,0.0,12000.0,0.0,750.0
2018-05-29 17:08:58.769896,1023.0,2.5,0.0,12000.0,0.0,750.0
2018-05-29 17:08:58.970775,1023.0,2.5,0.0,12000.0,0.0,750.0
2018-05-29 17:08:59.171655,1023.0,2.5,0.0,12000.0,0.0,750.0
2018-05-29 17:08:59.374533,1023.0,2.5,0.0,12000.0,0.0,750.0
2018-05-29 17:08:59.578411,1023.0,2.5,0.0,12000.0,0.0,750.0
2018-05-29 17:08:59.776292,1023.0,2.5,0.0,12000.0,0.0,750.0
2018-05-29 17:08:59.978171,1023.0,2.5,0.0,12000.0,0.0,750.0
2018-05-29 17:09:00.179050,1023.0,2.5,0.0,12000.0,0.0,750.0
2018-05-29 17:09:00.380929,1023.0,2.5,0.0,12000.0,0.0,750.0
2018-05-29 17:09:00.580809,1023.0,2.5,0.0,12000.0,0.0,750.0
2018-05-29 17:09:00.783687,1023.0,2.5,0.0,12000.0,0.0,750.0
2018-05-29 17:09:00.984566,1023.0,2.5,0.0,12000.0,0.0,750.0
2018-05-29 17:09:01.186445,1023.0,2.5,0.0,12000.0,0.0,750.0
2018-05-29 17:09:01.387325,1023.0,2.5,0.0,12000.0,0.0,750.0
2018-05-29 17:09:01.588204,1023.0,2.5,0.0,12000.0,0.0,750.0
2018-05-29 17:09:01.789083,1023.0,2.5,0.0,12000.0,0.0,750.0
2018-05-29 17:09:01.992961,1023.0,2.5,0.0,12000.0,0.0,750.0
2018-05-29 17:09:02.192841,1023.0,2.5,0.0,12000.0,0.0,750.0
2018-05-29 17:09:02.393720,1023.0,2.5,0.0,12000.0,0.0,750.0
2018-05-29 17:09:02.595599,1023.0,2.5,0.0,12000.0,0.0,750.0
2018-05-29 17:09:02.797478,1023.0,2.5,0.0,12000.0,0.0,750.0
2018-05-29 17:09:02.998357,1023.0,2.5,0.0,12000.0,0.0,750.0
2018-05-29 17:09:03.199237,1023.0,2.5,0.0,12000.0,0.0,750.0
2018-05-29 17:09:03.400116,1023.0,2.5,0.0,12000.0,0.0,750.0
2018-05-29 17:09:03.601995,1023.0,2.5,0.0,12000.0,0.0,750.0
2018-05-29 17:09:03.802874,1023.0,2.5,0.0,12000.0,0.0,750.0
2018-05-29 17:09:04.007751,1023.0,2.5,0.0,12000.0,0.0,750.0
2018-05-29 17:09:04.206632,1023.0,2.5,0.0,12000.0,0.0,750.0
2018-05-29 17:09:04.408511,1023.0,2.5,0.0,12000.0,0.0,750.0
2018-05-29 17:09:04.610390,1023.0,2.5,0.0,12000.0,0.0,750.0
2018-05-29 17:09:04.811269,1023.0,2.5,0.0,12000.0,0.0,750.0
2018-05-29 17:09:05.015147,1023.0,2.5,0.0,12000.0,0.0,750.0
2018-05-29 17:09:05.216026,1023.0,2.5,0.0,12000.0,0.0,750.0
2018-05-29 17:09:05.416905,1023.0,2.5,0.0,12000.0,0.0,750.0
2018-05-29 17:09:05.617785,1023.0,2.5,0.0,12000.0,0.0,750.0
2018-05-29 17:09:05.818664,1023.0,2.5,0.0,12000.0,0.0,750.0
2018-05-29 17:09:06.022542,1023.0,2.5,0.0,12000.0,0.0,750.0
2018-05-29 17:09:06.220423,1023.0,2.5,0.0,12000.0,0.0,750.0
2018-05-29 17:09:06.421302,1023.0,2.5,0.0,12000.0,0.0,750.0
2018-05-29 17:09:06.622182,1023.0,2.5,0.0,12000.0,0.0,750.0
2018-05-29 17:09:06.823061,1023.0,2.5,0.0,12000.0,0.0,750.0
2018-05-29 17:09:07.023941,1023.0,2.5,0.0,12000.0,0.0,750.0
2018-05-29 17:09:07.224820,1023.0,2.5,0.0,12000.0,0.0,750.0
2018-05-29 17:09:07.426699,1023.0,2.5,0.0,12000.0,0.0,750.0
2018-05-29 17:09:07.627578,1023.0,2.5,0.0,12000.0,0.0,750.0
2018-05-29 17:09:07.828458,1023.0,2.5,0.0,12000.0,0.0,750.0
2018-05-29 17:09:08.029337,1023.0,2.5,0.0,12000.0,0.0,750.0
2018-05-29 17:09:08.230216,1023.0,2.5,0.0,12000.0,0.0,750.0
2018-05-29 17:09:08.431096,1023.0,2.5,0.0,12000.0,0.0,750.0
2018-05-29 17:09:08.632975,1023.0,2.5,0.0,12000.0,0.0,750.0
2018-05-29 17:09:08.836852,1023.0,2.5,0.0,12000.0,0.0,750.0
2018-05-29 17:09:09.034733,1023.0,2.5,0.0,12000.0,0.0,750.0
2018-05-29 17:09:09.236612,1023.0,2.5,0.0,12000.0,0.0,750.0
2018-05-29 17:09:09.437492,1023.0,2.5,0.0,12000.0,0.0,750.0
2018-05-29 17:09:09.638371,1023.0,2.5,0.0,12000.0,0.0,750.0
2018-05-29 17:09:09.840250,1023.0,2.5,0.0,12000.0,0.0,750.0
2018-05-29 17:09:10.042129,1023.0,2.5,0.0,12000.0,0.0,750.0
2018-05-29 17:09:10.244007,1023.0,2.5,0.0,12000.0,0.0,750.0
2018-05-29 17:09:10.443887,1023.0,2.5,0.0,12000.0,0.0,750.0
2018-05-29 17:09:10.644767,1023.0,2.5,0.0,12000.0,0.0,750.0
2018-05-29 17:09:10.846646,1023.0,2.5,0.0,12000.0,0.0,750.0
2018-05-29 17:09:11.047525,1023.0,2.5,0.0,12000.0,0.0,750.0
2018-05-29 17:09:11.248404,1023.0,2.5,0.0,12000.0,0.0,750.0
2018-05-29 17:09:11.449284,1023.0,2.5,0.0,12000.0,0.0,750.0
2018-05-29 17:09:11.651163,1023.0,2.5,0.0,12000.0,0.0,750.0
2018-05-29 17:09:11.851043,1023.0,2.5,0.0,12000.0,0.0,750.0
2018-05-29 17:09:12.051922,1023.0,2.5,0.0,12000.0,0.0,750.0
2018-05-29 17:09:12.252801,1023.0,2.5,0.0,12000.0,0.0,750.0
2018-05-29 17:09:12.453681,1023.0,2.5,0.0,12000.0,0.0,750.0
2018-05-29 17:09:12.654560,1023.0,2.5,0.0,12000.0,0.0,750.0
2018-05-29 17:09:12.856439,1023.0,2.5,0.0,12000.0,0.0,750.0
2018-05-29 17:09:13.058318,1023.0,2.5,0.0,12000.0,0.0,750.0
2018-05-29 17:09:13.258198,1023.0,2.5,0.0,12000.0,0.0,750.0
2018-05-29 17:09:13.462075,1023.0,2.5,0.0,12000.0,0.0,750.0
2018-05-29 17:09:13.665953,1023.0,2.5,0.0,12000.0,0.0,750.0
2018-05-29 17:09:13.863834,1023.0,2.5,0.0,12000.0,0.0,750.0
2018-05-29 17:09:14.070710,1023.0,2.5,0.0,12000.0,0.0,750.0
2018-05-29 17:09:14.273588,1023.0,2.5,0.0,12000.0,0.0,750.0
2018-05-29 17:09:14.473468,1023.0,2.5,0.0,12000.0,0.0,750.0
2018-05-29 17:09:14.675347,1023.0,2.5,0.0,12000.0,0.0,750.0
2018-05-29 17:09:14.875227,1023.0,2.5,0.0,12000.0,0.0,750.0
2018-05-29 17:09:15.076106,1023.0,2.5,0.0,12000.0,0.0,750.0
2018-05-29 17:09:15.276986,1023.0,2.5,0.0,12000.0,0.0,750.0
2018-05-29 17:09:15.478865,1023.0,2.5,0.0,12000.0,0.0,750.0
2018-05-29 17:09:15.679744,1023.0,2.5,0.0,12000.0,0.0,750.0
2018-05-29 17:09:15.880623,1023.0,2.5,0.0,12000.0,0.0,750.0
2018-05-29 17:09:16.081503,1023.0,2.5,0.0,12000.0,0.0,750.0
2018-05-29 17:09:16.282382,1023.0,2.5,0.0,12000.0,0.0,750.0
2018-05-29 17:09:16.483262,1023.0,2.5,0.0,12000.0,0.0,750.0
2018-05-29 17:09:16.684141,1023.0,2.5,0.0,12000.0,0.0,750.0
2018-05-29 17:09:16.885020,1023.0,2.5,0.0,12000.0,0.0,750.0
2018-05-29 17:09:17.086899,1023.0,2.5,0.0,12000.0,0.0,750.0
2018-05-29 17:09:17.286779,1023.0,2.5,0.0,12000.0,0.0,750.0
2018-05-29 17:09:17.489657,1023.0,2.5,0.0,12000.0,0.0,750.0
2018-05-29 17:09:17.694534,1023.0,2.5,0.0,12000.0,0.0,750.0
2018-05-29 17:09:17.894414,1023.0,2.5,0.0,12000.0,0.0,750.0
2018-05-29 17:09:18.095294,1023.0,2.5,0.0,12000.0,0.0,750.0
2018-05-29 17:09:18.296173,1023.0,2.5,0.0,12000.0,0.0,750.0
2018-05-29 17:09:18.497053,1023.0,2.5,0.0,12000.0,0.0,750.0
2018-05-29 17:09:18.698931,1023.0,2.5,0.0,12000.0,0.0,750.0
2018-05-29 17:09:18.900810,1023.0,2.5,0.0,12000.0,0.0,750.0
2018-05-29 17:09:19.101690,1023.0,2.5,0.0,12000.0,0.0,750.0
2018-05-29 17:09:19.302569,1023.0,2.5,0.0,12000.0,0.0,750.0
2018-05-29 17:09:19.504448,1023.0,2.5,0.0,12000.0,0.0,750.0
2018-05-29 17:09:19.709325,1023.0,2.5,0.0,12000.0,0.0,750.0
2018-05-29 17:09:19.906207,1023.0,2.5,0.0,12000.0,0.0,750.0
2018-05-29 17:09:20.107086,1023.0,2.5,0.0,12000.0,0.0,750.0
2018-05-29 17:09:20.307965,1023.0,2.5,0.0,12000.0,0.0,750.0
2018-05-29 17:09:20.508845,1023.0,2.5,0.0,12000.0,0.0,750.0
2018-05-29 17:09:20.709724,1023.0,2.5,0.0,12000.0,0.0,750.0
2018-05-29 17:09:20.910604,1023.0,2.5,0.0,12000.0,0.0,750.0
2018-05-29 17:09:21.111483,1023.0,2.5,0.0,12000.0,0.0,750.0
2018-05-29 17:09:21.312362,1023.0,2.5,0.0,12000.0,0.0,750.0
2018-05-29 17:09:21.513242,1023.0,2.5,0.0,12000.0,0.0,750.0
2018-05-29 17:09:21.715121,1023.0,2.5,0.0,12000.0,0.0,750.0
2018-05-29 17:09:21.920997,1023.0,2.5,0.0,12000.0,0.0,750.0
2018-05-29 17:09:22.121876,1023.0,2.5,0.0,12000.0,0.0,750.0
2018-05-29 17:09:22.322756,1023.0,2.5,0.0,12000.0,0.0,750.0
2018-05-29 17:09:22.523635,1023.0,2.5,0.0,12000.0,0.0,750.0
2018-05-29 17:09:22.726513,1023.0,2.5,0.0,12000.0,0.0,750.0
2018-05-29 17:09:22.928392,1023.0,2.5,0.0,12000.0,0.0,750.0
2018-05-29 17:09:23.131270,1023.0,2.5,0.0,12000.0,0.0,750.0
2018-05-29 17:09:23.330151,1023.0,2.5,0.0,12000.0,0.0,750.0
2018-05-29 17:09:23.531030,1023.0,2.5,0.0,12000.0,0.0,750.0
2018-05-29 17:09:23.732909,1023.0,2.5,0.0,12000.0,0.0,750.0
2018-05-29 17:09:23.933789,1023.0,2.5,0.0,12000.0,0.0,750.0
2018-05-29 17:09:24.134668,1023.0,2.5,0.0,12000.0,0.0,750.0
2018-05-29 17:09:24.335547,1023.0,2.5,0.0,12000.0,0.0,750.0
2018-05-29 17:09:24.538426,1023.0,2.5,0.0,12000.0,0.0,750.0
2018-05-29 17:09:24.737306,1023.0,2.5,0.0,12000.0,0.0,750.0
2018-05-29 17:09:24.938186,1023.0,2.5,0.0,12000.0,0.0,750.0
2018-05-29 17:09:25.140064,1023.0,2.5,0.0,12000.0,0.0,750.0
2018-05-29 17:09:25.340944,1023.0,2.5,0.0,12000.0,0.0,750.0
2018-05-29 17:09:25.541823,1023.0,2.5,0.0,12000.0,0.0,750.0
2018-05-29 17:09:25.742703,1023.0,2.5,0.0,12000.0,0.0,750.0
2018-05-29 17:09:25.945581,1023.0,2.5,0.0,12000.0,0.0,750.0
2018-05-29 17:09:26.144461,1023.0,2.5,0.0,12000.0,0.0,750.0
2018-05-29 17:09:26.346340,1023.0,2.5,0.0,12000.0,0.0,750.0
2018-05-29 17:09:26.547220,1023.0,2.5,0.0,12000.0,0.0,750.0
2018-05-29 17:09:26.749098,1023.0,2.5,0.0,12000.0,0.0,750.0
2018-05-29 17:09:26.950977,1023.0,2.5,0.0,12000.0,0.0,750.0
2018-05-29 17:09:27.151857,1023.0,2.5,0.0,12000.0,0.0,750.0
2018-05-29 17:09:27.352736,1023.0,2.5,0.0,12000.0,0.0,750.0
2018-05-29 17:09:27.553615,1023.0,2.5,0.0,12000.0,0.0,750.0
2018-05-29 17:09:27.754495,1023.0,2.5,0.0,12000.0,0.0,750.0
2018-05-29 17:09:27.955374,1023.0,2.5,0.0,12000.0,0.0,750.0
2018-05-29 17:09:28.156254,1023.0,2.5,0.0,12000.0,0.0,750.0
2018-05-29 17:09:28.357133,1023.0,2.5,0.0,12000.0,0.0,750.0
2018-05-29 17:09:28.558012,1023.0,2.5,0.0,12000.0,0.0,750.0
2018-05-29 17:09:28.759891,1023.0,2.5,0.0,12000.0,0.0,750.0
2018-05-29 17:09:28.959771,1023.0,2.5,0.0,12000.0,0.0,750.0
2018-05-29 17:09:29.160651,1023.0,2.5,0.0,12000.0,0.0,750.0
2018-05-29 17:09:29.361530,1023.0,2.5,0.0,12000.0,0.0,750.0
2018-05-29 17:09:29.562409,1023.0,2.5,0.0,12000.0,0.0,750.0
2018-05-29 17:09:29.764288,1023.0,2.5,0.0,12000.0,0.0,750.0
2018-05-29 17:09:29.965168,1023.0,2.5,0.0,12000.0,0.0,750.0
2018-05-29 17:09:30.167046,1023.0,2.5,0.0,12000.0,0.0,750.0
2018-05-29 17:09:30.367926,1023.0,2.5,0.0,12000.0,0.0,750.0
2018-05-29 17:09:30.568805,1023.0,2.5,0.0,12000.0,0.0,750.0
2018-05-29 17:09:30.769685,1023.0,2.5,0.0,12000.0,0.0,750.0
2018-05-29 17:09:30.971563,1023.0,2.5,0.0,12000.0,0.0,750.0
2018-05-29 17:09:31.172443,1023.0,2.5,0.0,12000.0,0.0,750.0
2018-05-29 17:09:31.373322,1023.0,2.5,0.0,12000.0,0.0,750.0
2018-05-29 17:09:31.575201,1023.0,2.5,0.0,12000.0,0.0,750.0
2018-05-29 17:09:31.786074,1023.0,2.5,0.0,12000.0,0.0,750.0
2018-05-29 17:09:31.990951,1023.0,2.5,0.0,12000.0,0.0,750.0
2018-05-29 17:09:32.201825,1023.0,2.5,0.0,12000.0,0.0,750.0
2018-05-29 17:09:32.402704,1023.0,2.5,0.0,12000.0,0.0,750.0
2018-05-29 17:09:32.612578,1023.0,2.5,0.0,12000.0,0.0,750.0
2018-05-29 17:09:32.810459,1023.0,2.5,0.0,12000.0,0.0,750.0
2018-05-29 17:09:33.023332,1023.0,2.5,0.0,12000.0,0.0,750.0
2018-05-29 17:09:33.241201,1023.0,2.5,0.0,12000.0,0.0,750.0
2018-05-29 17:09:33.446078,1023.0,2.5,0.0,12000.0,0.0,750.0
2018-05-29 17:09:33.650955,1023.0,2.5,0.0,12000.0,0.0,750.0
2018-05-29 17:09:33.859829,1023.0,2.5,0.0,12000.0,0.0,750.0
2018-05-29 17:09:34.058710,1023.0,2.5,0.0,12000.0,0.0,750.0
2018-05-29 17:09:34.259589,1023.0,2.5,0.0,12000.0,0.0,750.0
2018-05-29 17:09:34.460469,1023.0,2.5,0.0,12000.0,0.0,750.0
2018-05-29 17:09:34.664346,1023.0,2.5,0.0,12000.0,0.0,750.0
2018-05-29 17:09:34.865226,1023.0,2.5,0.0,12000.0,0.0,750.0
2018-05-29 17:09:35.066105,1023.0,2.5,0.0,12000.0,0.0,750.0
2018-05-29 17:09:35.267984,1023.0,2.5,0.0,12000.0,0.0,750.0
2018-05-29 17:09:35.468863,1023.0,2.5,0.0,12000.0,0.0,750.0
2018-05-29 17:09:35.669743,1023.0,2.5,0.0,12000.0,0.0,750.0
2018-05-29 17:09:35.870622,1023.0,2.5,0.0,12000.0,0.0,750.0
2018-05-29 17:09:36.071502,1023.0,2.5,0.0,12000.0,0.0,750.0
2018-05-29 17:09:36.274380,1023.0,2.5,0.0,12000.0,0.0,750.0
2018-05-29 17:09:36.473260,1023.0,2.5,0.0,12000.0,0.0,750.0
2018-05-29 17:09:36.677138,1023.0,2.5,0.0,12000.0,0.0,750.0
2018-05-29 17:09:36.882015,1023.0,2.5,0.0,12000.0,0.0,750.0
2018-05-29 17:09:37.078897,1023.0,2.5,0.0,12000.0,0.0,750.0
2018-05-29 17:09:37.279776,1023.0,2.5,0.0,12000.0,0.0,750.0
2018-05-29 17:09:37.481655,1023.0,2.5,0.0,12000.0,0.0,750.0
2018-05-29 17:09:37.683534,1023.0,2.5,0.0,12000.0,0.0,750.0
2018-05-29 17:09:37.884413,1023.0,2.5,0.0,12000.0,0.0,750.0
2018-05-29 17:09:38.086292,1023.0,2.5,0.0,12000.0,0.0,750.0
2018-05-29 17:09:38.297165,1023.0,2.5,0.0,12000.0,0.0,750.0
2018-05-29 17:09:38.503042,1023.0,2.5,0.0,12000.0,0.0,750.0
2018-05-29 17:09:38.707919,1023.0,2.5,0.0,12000.0,0.0,750.0
2018-05-29 17:09:38.917793,1023.0,2.5,0.0,12000.0,0.0,750.0
2018-05-29 17:09:39.118672,1023.0,2.5,0.0,12000.0,0.0,750.0
2018-05-29 17:09:39.320551,1023.0,2.5,0.0,12000.0,0.0,750.0
2018-05-29 17:09:39.522430,1023.0,2.5,0.0,12000.0,0.0,750.0
2018-05-29 17:09:39.723309,1023.0,2.5,0.0,12000.0,0.0,750.0
2018-05-29 17:09:39.925188,1023.0,2.5,0.0,12000.0,0.0,750.0
2018-05-29 17:09:40.128066,1023.0,2.5,0.0,12000.0,0.0,750.0
2018-05-29 17:09:40.328946,1023.0,2.5,0.0,12000.0,0.0,750.0
2018-05-29 17:09:40.529825,1023.0,2.5,0.0,12000.0,0.0,750.0
2018-05-29 17:09:40.730704,1023.0,2.5,0.0,12000.0,0.0,750.0
2018-05-29 17:09:40.932583,1023.0,2.5,0.0,12000.0,0.0,750.0
2018-05-29 17:09:41.134462,1023.0,2.5,0.0,12000.0,0.0,750.0
2018-05-29 17:09:41.335341,1023.0,2.5,0.0,12000.0,0.0,750.0
2018-05-29 17:09:41.536221,1023.0,2.5,0.0,12000.0,0.0,750.0
2018-05-29 17:09:41.737100,1023.0,2.5,0.0,12000.0,0.0,750.0
2018-05-29 17:09:41.938979,1023.0,2.5,0.0,12000.0,0.0,750.0
2018-05-29 17:09:42.142857,1023.0,2.5,0.0,12000.0,0.0,750.0
2018-05-29 17:09:42.340738,1023.0,2.5,0.0,12000.0,0.0,750.0
2018-05-29 17:09:42.541617,1023.0,2.5,0.0,12000.0,0.0,750.0
2018-05-29 17:09:42.742497,1023.0,2.5,0.0,12000.0,0.0,750.0
2018-05-29 17:09:42.943376,1023.0,2.5,0.0,12000.0,0.0,750.0
2018-05-29 17:09:43.147254,1023.0,2.5,0.0,12000.0,0.0,750.0
2018-05-29 17:09:43.348133,1023.0,2.5,0.0,12000.0,0.0,750.0
2018-05-29 17:09:43.550012,1023.0,2.5,0.0,12000.0,0.0,750.0
2018-05-29 17:09:43.749892,1023.0,2.5,0.0,12000.0,0.0,750.0
2018-05-29 17:09:43.951771,1023.0,2.5,0.0,12000.0,0.0,750.0
2018-05-29 17:09:44.152650,1023.0,2.5,0.0,12000.0,0.0,750.0
2018-05-29 17:09:44.353529,1023.0,2.5,0.0,12000.0,0.0,750.0
2018-05-29 17:09:44.555408,1023.0,2.5,0.0,12000.0,0.0,750.0
2018-05-29 17:09:44.756288,1023.0,2.5,0.0,12000.0,0.0,750.0
2018-05-29 17:09:44.957167,1023.0,2.5,0.0,12000.0,0.0,750.0
2018-05-29 17:09:45.158046,1023.0,2.5,0.0,12000.0,0.0,750.0
2018-05-29 17:09:45.358926,1023.0,2.5,0.0,12000.0,0.0,750.0
2018-05-29 17:09:45.559805,1023.0,2.5,0.0,12000.0,0.0,750.0
2018-05-29 17:09:45.760685,1023.0,2.5,0.0,12000.0,0.0,750.0
2018-05-29 17:09:45.961564,1023.0,2.5,0.0,12000.0,0.0,750.0
2018-05-29 17:09:46.162443,1023.0,2.5,0.0,12000.0,0.0,750.0
2018-05-29 17:09:46.364322,1023.0,2.5,0.0,12000.0,0.0,750.0
2018-05-29 17:09:46.565202,1023.0,2.5,0.0,12000.0,0.0,750.0
2018-05-29 17:09:46.766081,1023.0,2.5,0.0,12000.0,0.0,750.0
2018-05-29 17:09:46.966960,1023.0,2.5,0.0,12000.0,0.0,750.0
2018-05-29 17:09:47.167840,1023.0,2.5,0.0,12000.0,0.0,750.0
2018-05-29 17:09:47.369719,1023.0,2.5,0.0,12000.0,0.0,750.0
2018-05-29 17:09:47.570598,1023.0,2.5,0.0,12000.0,0.0,750.0
2018-05-29 17:09:47.771477,1023.0,2.5,0.0,12000.0,0.0,750.0
2018-05-29 17:09:47.972357,1023.0,2.5,0.0,12000.0,0.0,750.0
2018-05-29 17:09:48.173236,1023.0,2.5,0.0,12000.0,0.0,750.0
2018-05-29 17:09:48.374116,1023.0,2.5,0.0,12000.0,0.0,750.0
2018-05-29 17:09:48.574995,1023.0,2.5,0.0,12000.0,0.0,750.0
2018-05-29 17:09:48.775874,1023.0,2.5,0.0,12000.0,0.0,750.0
2018-05-29 17:09:48.976754,1023.0,2.5,0.0,12000.0,0.0,750.0
2018-05-29 17:09:49.178633,1023.0,2.5,0.0,12000.0,0.0,750.0
2018-05-29 17:09:49.378513,1023.0,2.5,0.0,12000.0,0.0,750.0
2018-05-29 17:09:49.581391,1023.0,2.5,0.0,12000.0,0.0,750.0
2018-05-29 17:09:49.785268,1023.0,2.5,0.0,12000.0,0.0,750.0
2018-05-29 17:09:49.983150,1023.0,2.5,0.0,12000.0,0.0,750.0
2018-05-29 17:09:50.184029,1023.0,2.5,0.0,12000.0,0.0,750.0
2018-05-29 17:09:50.384908,1023.0,2.5,0.0,12000.0,0.0,750.0
2018-05-29 17:09:50.585788,1023.0,2.5,0.0,12000.0,0.0,750.0
2018-05-29 17:09:50.788666,1023.0,2.5,0.0,12000.0,0.0,750.0
2018-05-29 17:09:50.990545,1023.0,2.5,0.0,12000.0,0.0,750.0
2018-05-29 17:09:51.192424,1023.0,2.5,0.0,12000.0,0.0,750.0
2018-05-29 17:09:51.392304,1023.0,2.5,0.0,12000.0,0.0,750.0
2018-05-29 17:09:51.596181,1023.0,2.5,0.0,12000.0,0.0,750.0
2018-05-29 17:09:51.797061,1023.0,2.5,0.0,12000.0,0.0,750.0
2018-05-29 17:09:51.997940,1023.0,2.5,0.0,12000.0,0.0,750.0
2018-05-29 17:09:52.199819,1023.0,2.5,0.0,12000.0,0.0,750.0
2018-05-29 17:09:52.400698,1023.0,2.5,0.0,12000.0,0.0,750.0
2018-05-29 17:09:52.601578,1023.0,2.5,0.0,12000.0,0.0,750.0
2018-05-29 17:09:52.802457,1023.0,2.5,0.0,12000.0,0.0,750.0
2018-05-29 17:09:53.003336,1023.0,2.5,0.0,12000.0,0.0,750.0
2018-05-29 17:09:53.204216,1023.0,2.5,0.0,12000.0,0.0,750.0
2018-05-29 17:09:53.405095,1023.0,2.5,0.0,12000.0,0.0,750.0
2018-05-29 17:09:53.606974,1023.0,2.5,0.0,12000.0,0.0,750.0
2018-05-29 17:09:53.807853,1023.0,2.5,0.0,12000.0,0.0,750.0
2018-05-29 17:09:54.007733,1023.0,2.5,0.0,12000.0,0.0,750.0
2018-05-29 17:09:54.208613,1023.0,2.5,0.0,12000.0,0.0,750.0
2018-05-29 17:09:54.409492,1023.0,2.5,0.0,12000.0,0.0,750.0
2018-05-29 17:09:54.611371,1023.0,2.5,0.0,12000.0,0.0,750.0
2018-05-29 17:09:54.812250,1023.0,2.5,0.0,12000.0,0.0,750.0
2018-05-29 17:09:55.014129,1023.0,2.5,0.0,12000.0,0.0,750.0
2018-05-29 17:09:55.214009,1023.0,2.5,0.0,12000.0,0.0,750.0
2018-05-29 17:09:55.415888,1023.0,2.5,0.0,12000.0,0.0,750.0
2018-05-29 17:09:55.616767,1023.0,2.5,0.0,12000.0,0.0,750.0
2018-05-29 17:09:55.821644,1023.0,2.5,0.0,12000.0,0.0,750.0
2018-05-29 17:09:56.022524,1023.0,2.5,0.0,12000.0,0.0,750.0
2018-05-29 17:09:56.223403,1023.0,2.5,0.0,12000.0,0.0,750.0
2018-05-29 17:09:56.424283,1023.0,2.5,0.0,12000.0,0.0,750.0
2018-05-29 17:09:56.629160,1023.0,2.5,0.0,12000.0,0.0,750.0
2018-05-29 17:09:56.827041,1023.0,2.5,0.0,12000.0,0.0,750.0
2018-05-29 17:09:57.027920,1023.0,2.5,0.0,12000.0,0.0,750.0
2018-05-29 17:09:57.228800,1023.0,2.5,0.0,12000.0,0.0,750.0
2018-05-29 17:09:57.429679,1023.0,2.5,0.0,12000.0,0.0,750.0
2018-05-29 17:09:57.630558,1023.0,2.5,0.0,12000.0,0.0,750.0
2018-05-29 17:09:57.832437,1023.0,2.5,0.0,12000.0,0.0,750.0
2018-05-29 17:09:58.036315,1023.0,2.5,0.0,12000.0,0.0,750.0
2018-05-29 17:09:58.234196,1023.0,2.5,0.0,12000.0,0.0,750.0
2018-05-29 17:09:58.435075,1023.0,2.5,0.0,12000.0,0.0,750.0
2018-05-29 17:09:58.635955,1023.0,2.5,0.0,12000.0,0.0,750.0
2018-05-29 17:09:58.837834,1023.0,2.5,0.0,12000.0,0.0,750.0
2018-05-29 17:09:59.038713,1023.0,2.5,0.0,12000.0,0.0,750.0
2018-05-29 17:09:59.239592,1023.0,2.5,0.0,12000.0,0.0,750.0
2018-05-29 17:09:59.443470,1023.0,2.5,0.0,12000.0,0.0,750.0
2018-05-29 17:09:59.641351,1023.0,2.5,0.0,12000.0,0.0,750.0
2018-05-29 17:09:59.842231,1023.0,2.5,0.0,12000.0,0.0,750.0
2018-05-29 17:10:00.044109,1023.0,2.5,0.0,12000.0,0.0,750.0
2018-05-29 17:10:00.245988,1023.0,2.5,0.0,12000.0,0.0,750.0
2018-05-29 17:10:00.446868,1023.0,2.5,0.0,12000.0,0.0,750.0
2018-05-29 17:10:00.647747,1023.0,2.5,0.0,12000.0,0.0,750.0
2018-05-29 17:10:00.850625,1023.0,2.5,0.0,12000.0,0.0,750.0
2018-05-29 17:10:01.050505,1023.0,2.5,0.0,12000.0,0.0,750.0
2018-05-29 17:10:01.251385,1023.0,2.5,0.0,12000.0,0.0,750.0
2018-05-29 17:10:01.453263,1023.0,2.5,0.0,12000.0,0.0,750.0
2018-05-29 17:10:01.655142,1023.0,2.5,0.0,12000.0,0.0,750.0
2018-05-29 17:10:01.857021,1023.0,2.5,0.0,12000.0,0.0,750.0
2018-05-29 17:10:02.057900,1023.0,2.5,0.0,12000.0,0.0,750.0
2018-05-29 17:10:02.258780,1023.0,2.5,0.0,12000.0,0.0,750.0
2018-05-29 17:10:02.461658,1023.0,2.5,0.0,12000.0,0.0,750.0
2018-05-29 17:10:02.662537,1023.0,2.5,0.0,12000.0,0.0,750.0
2018-05-29 17:10:02.866415,1023.0,2.5,0.0,12000.0,0.0,750.0
2018-05-29 17:10:03.066295,1023.0,2.5,0.0,12000.0,0.0,750.0
2018-05-29 17:10:03.268174,1023.0,2.5,0.0,12000.0,0.0,750.0
2018-05-29 17:10:03.473051,1023.0,2.5,0.0,12000.0,0.0,750.0
2018-05-29 17:10:03.670932,1023.0,2.5,0.0,12000.0,0.0,750.0
2018-05-29 17:10:03.872811,1023.0,2.5,0.0,12000.0,0.0,750.0
2018-05-29 17:10:04.073690,1023.0,2.5,0.0,12000.0,0.0,750.0
2018-05-29 17:10:04.282565,1023.0,2.5,0.0,12000.0,0.0,750.0
2018-05-29 17:10:04.483444,1023.0,2.5,0.0,12000.0,0.0,750.0
2018-05-29 17:10:04.688321,1023.0,2.5,0.0,12000.0,0.0,750.0
2018-05-29 17:10:04.885203,1023.0,2.5,0.0,12000.0,0.0,750.0
2018-05-29 17:10:05.087082,1023.0,2.5,0.0,12000.0,0.0,750.0
2018-05-29 17:10:05.287961,1023.0,2.5,0.0,12000.0,0.0,750.0
2018-05-29 17:10:05.489840,1023.0,2.5,0.0,12000.0,0.0,750.0
2018-05-29 17:10:05.690719,1023.0,2.5,0.0,12000.0,0.0,750.0
2018-05-29 17:10:05.891599,1023.0,2.5,0.0,12000.0,0.0,750.0
2018-05-29 17:10:06.095476,1023.0,2.5,0.0,12000.0,0.0,750.0
2018-05-29 17:10:06.295356,1023.0,2.5,0.0,12000.0,0.0,750.0
2018-05-29 17:10:06.496236,1023.0,2.5,0.0,12000.0,0.0,750.0
2018-05-29 17:10:06.698115,1023.0,2.5,0.0,12000.0,0.0,750.0
2018-05-29 17:10:06.898994,1023.0,2.5,0.0,12000.0,0.0,750.0
2018-05-29 17:10:07.099873,1023.0,2.5,0.0,12000.0,0.0,750.0
2018-05-29 17:10:07.300753,1023.0,2.5,0.0,12000.0,0.0,750.0
2018-05-29 17:10:07.502632,1023.0,2.5,0.0,12000.0,0.0,750.0
2018-05-29 17:10:07.702512,1023.0,2.5,0.0,12000.0,0.0,750.0
2018-05-29 17:10:07.906389,1023.0,2.5,0.0,12000.0,0.0,750.0
2018-05-29 17:10:08.106269,1023.0,2.5,0.0,12000.0,0.0,750.0
2018-05-29 17:10:08.307149,1023.0,2.5,0.0,12000.0,0.0,750.0
2018-05-29 17:10:08.512026,1023.0,2.5,0.0,12000.0,0.0,750.0
2018-05-29 17:10:08.716903,1023.0,2.5,0.0,12000.0,0.0,750.0
2018-05-29 17:10:08.913784,1023.0,2.5,0.0,12000.0,0.0,750.0
2018-05-29 17:10:09.114664,1023.0,2.5,0.0,12000.0,0.0,750.0
2018-05-29 17:10:09.315543,1023.0,2.5,0.0,12000.0,0.0,750.0
2018-05-29 17:10:09.516423,1023.0,2.5,0.0,12000.0,0.0,750.0
2018-05-29 17:10:09.717302,1023.0,2.5,0.0,12000.0,0.0,750.0
2018-05-29 17:10:09.918181,1023.0,2.5,0.0,12000.0,0.0,750.0
2018-05-29 17:10:10.119061,1023.0,2.5,0.0,12000.0,0.0,750.0
2018-05-29 17:10:10.319940,1023.0,2.5,0.0,12000.0,0.0,750.0
2018-05-29 17:10:10.520820,1023.0,2.5,0.0,12000.0,0.0,750.0
2018-05-29 17:10:10.722698,1023.0,2.5,0.0,12000.0,0.0,750.0
2018-05-29 17:10:10.923578,1023.0,2.5,0.0,12000.0,0.0,750.0
2018-05-29 17:10:11.124457,1023.0,2.5,0.0,12000.0,0.0,750.0
2018-05-29 17:10:11.325337,1023.0,2.5,0.0,12000.0,0.0,750.0
2018-05-29 17:10:11.526216,1023.0,2.5,0.0,12000.0,0.0,750.0
2018-05-29 17:10:11.727095,1023.0,2.5,0.0,12000.0,0.0,750.0
2018-05-29 17:10:11.927975,1023.0,2.5,0.0,12000.0,0.0,750.0
2018-05-29 17:10:12.128854,1023.0,2.5,0.0,12000.0,0.0,750.0
2018-05-29 17:10:12.330733,1023.0,2.5,0.0,12000.0,0.0,750.0
2018-05-29 17:10:12.530613,1023.0,2.5,0.0,12000.0,0.0,750.0
2018-05-29 17:10:12.736489,1023.0,2.5,0.0,12000.0,0.0,750.0
2018-05-29 17:10:12.936369,1023.0,2.5,0.0,12000.0,0.0,750.0
2018-05-29 17:10:13.138248,1023.0,2.5,0.0,12000.0,0.0,750.0
2018-05-29 17:10:13.340127,1023.0,2.5,0.0,12000.0,0.0,750.0
2018-05-29 17:10:13.541006,1023.0,2.5,0.0,12000.0,0.0,750.0
2018-05-29 17:10:13.741886,1023.0,2.5,0.0,12000.0,0.0,750.0
2018-05-29 17:10:13.945763,1023.0,2.5,0.0,12000.0,0.0,750.0
2018-05-29 17:10:14.149641,1023.0,2.5,0.0,12000.0,0.0,750.0
2018-05-29 17:10:14.361514,1023.0,2.5,0.0,12000.0,0.0,750.0
2018-05-29 17:10:14.559395,1023.0,2.5,0.0,12000.0,0.0,750.0
2018-05-29 17:10:14.760274,1023.0,2.5,0.0,12000.0,0.0,750.0
2018-05-29 17:10:14.962153,1023.0,2.5,0.0,12000.0,0.0,750.0
2018-05-29 17:10:15.163033,1023.0,2.5,0.0,12000.0,0.0,750.0
2018-05-29 17:10:15.363912,1023.0,2.5,0.0,12000.0,0.0,750.0
2018-05-29 17:10:15.564791,1023.0,2.5,0.0,12000.0,0.0,750.0
2018-05-29 17:10:15.768669,1023.0,2.5,0.0,12000.0,0.0,750.0
2018-05-29 17:10:15.966550,1023.0,2.5,0.0,12000.0,0.0,750.0
2018-05-29 17:10:16.167430,1023.0,2.5,0.0,12000.0,0.0,750.0
2018-05-29 17:10:16.368309,1023.0,2.5,0.0,12000.0,0.0,750.0
2018-05-29 17:10:16.569188,1023.0,2.5,0.0,12000.0,0.0,750.0
2018-05-29 17:10:16.770068,1023.0,2.5,0.0,12000.0,0.0,750.0
2018-05-29 17:10:16.972946,1023.0,2.5,0.0,12000.0,0.0,750.0
2018-05-29 17:10:17.175824,1023.0,2.5,0.0,12000.0,0.0,750.0
2018-05-29 17:10:17.374705,1023.0,2.5,0.0,12000.0,0.0,750.0
2018-05-29 17:10:17.575584,1023.0,2.5,0.0,12000.0,0.0,750.0
2018-05-29 17:10:17.776464,1023.0,2.5,0.0,12000.0,0.0,750.0
2018-05-29 17:10:17.977343,1023.0,2.5,0.0,12000.0,0.0,750.0
2018-05-29 17:10:18.178222,1023.0,2.5,0.0,12000.0,0.0,750.0
2018-05-29 17:10:18.379102,1023.0,2.5,0.0,12000.0,0.0,750.0
2018-05-29 17:10:18.582979,1023.0,2.5,0.0,12000.0,0.0,750.0
2018-05-29 17:10:18.780861,1023.0,2.5,0.0,12000.0,0.0,750.0
2018-05-29 17:10:18.982739,1023.0,2.5,0.0,12000.0,0.0,750.0
2018-05-29 17:10:19.182619,1023.0,2.5,0.0,12000.0,0.0,750.0
2018-05-29 17:10:19.383499,1023.0,2.5,0.0,12000.0,0.0,750.0
2018-05-29 17:10:19.585378,1023.0,2.5,0.0,12000.0,0.0,750.0
2018-05-29 17:10:19.788256,1023.0,2.5,0.0,12000.0,0.0,750.0
2018-05-29 17:10:19.989135,1023.0,2.5,0.0,12000.0,0.0,750.0
2018-05-29 17:10:20.190015,1023.0,2.5,0.0,12000.0,0.0,750.0
2018-05-29 17:10:20.391893,1023.0,2.5,0.0,12000.0,0.0,750.0
2018-05-29 17:10:20.592773,1023.0,2.5,0.0,12000.0,0.0,750.0
2018-05-29 17:10:20.794652,1023.0,2.5,0.0,12000.0,0.0,750.0
2018-05-29 17:10:20.998529,1023.0,2.5,0.0,12000.0,0.0,750.0
2018-05-29 17:10:21.200408,1023.0,2.5,0.0,12000.0,0.0,750.0
2018-05-29 17:10:21.401287,1023.0,2.5,0.0,12000.0,0.0,750.0
2018-05-29 17:10:21.605165,1023.0,2.5,0.0,12000.0,0.0,750.0
2018-05-29 17:10:21.804046,1023.0,2.5,0.0,12000.0,0.0,750.0
2018-05-29 17:10:22.004925,1023.0,2.5,0.0,12000.0,0.0,750.0
2018-05-29 17:10:22.205804,1023.0,2.5,0.0,12000.0,0.0,750.0
2018-05-29 17:10:22.406684,1023.0,2.5,0.0,12000.0,0.0,750.0
2018-05-29 17:10:22.607563,1023.0,2.5,0.0,12000.0,0.0,750.0
2018-05-29 17:10:22.810441,1023.0,2.5,0.0,12000.0,0.0,750.0
2018-05-29 17:10:23.017317,1023.0,2.5,0.0,12000.0,0.0,750.0
2018-05-29 17:10:23.218197,1023.0,2.5,0.0,12000.0,0.0,750.0
2018-05-29 17:10:23.419076,1023.0,2.5,0.0,12000.0,0.0,750.0
2018-05-29 17:10:23.620955,1023.0,2.5,0.0,12000.0,0.0,750.0
2018-05-29 17:10:23.821834,1023.0,2.5,0.0,12000.0,0.0,750.0
2018-05-29 17:10:24.022714,1023.0,2.5,0.0,12000.0,0.0,750.0
2018-05-29 17:10:24.227591,1023.0,2.5,0.0,12000.0,0.0,750.0
2018-05-29 17:10:24.426471,1023.0,2.5,0.0,12000.0,0.0,750.0
2018-05-29 17:10:24.628350,1023.0,2.5,0.0,12000.0,0.0,750.0
2018-05-29 17:10:24.829229,1023.0,2.5,0.0,12000.0,0.0,750.0
2018-05-29 17:10:25.030109,1023.0,2.5,0.0,12000.0,0.0,750.0
2018-05-29 17:10:25.230988,1023.0,2.5,0.0,12000.0,0.0,750.0
2018-05-29 17:10:25.434866,1023.0,2.5,0.0,12000.0,0.0,750.0
2018-05-29 17:10:25.636745,1023.0,2.5,0.0,12000.0,0.0,750.0
2018-05-29 17:10:25.837624,1023.0,2.5,0.0,12000.0,0.0,750.0
2018-05-29 17:10:26.038503,1023.0,2.5,0.0,12000.0,0.0,750.0
2018-05-29 17:10:26.241382,1023.0,2.5,0.0,12000.0,0.0,750.0
2018-05-29 17:10:26.440262,1023.0,2.5,0.0,12000.0,0.0,750.0
2018-05-29 17:10:26.644140,1023.0,2.5,0.0,12000.0,0.0,750.0
2018-05-29 17:10:26.849017,1023.0,2.5,0.0,12000.0,0.0,750.0
2018-05-29 17:10:27.045899,1023.0,2.5,0.0,12000.0,0.0,750.0
2018-05-29 17:10:27.246778,1023.0,2.5,0.0,12000.0,0.0,750.0
2018-05-29 17:10:27.447657,1023.0,2.5,0.0,12000.0,0.0,750.0
2018-05-29 17:10:27.648537,1023.0,2.5,0.0,12000.0,0.0,750.0
2018-05-29 17:10:27.850416,1023.0,2.5,0.0,12000.0,0.0,750.0
2018-05-29 17:10:28.050296,1023.0,2.5,0.0,12000.0,0.0,750.0
2018-05-29 17:10:28.256172,1023.0,2.5,0.0,12000.0,0.0,750.0
2018-05-29 17:10:28.453054,1023.0,2.5,0.0,12000.0,0.0,750.0
2018-05-29 17:10:28.653933,1023.0,2.5,0.0,12000.0,0.0,750.0
2018-05-29 17:10:28.854813,1023.0,2.5,0.0,12000.0,0.0,750.0
2018-05-29 17:10:29.055692,1023.0,2.5,0.0,12000.0,0.0,750.0
2018-05-29 17:10:29.256571,1023.0,2.5,0.0,12000.0,0.0,750.0
2018-05-29 17:10:29.457451,1023.0,2.5,0.0,12000.0,0.0,750.0
2018-05-29 17:10:29.660329,1023.0,2.5,0.0,12000.0,0.0,750.0
2018-05-29 17:10:29.862208,1023.0,2.5,0.0,12000.0,0.0,750.0
2018-05-29 17:10:30.062088,1023.0,2.5,0.0,12000.0,0.0,750.0
2018-05-29 17:10:30.262967,1023.0,2.5,0.0,12000.0,0.0,750.0
2018-05-29 17:10:30.463847,1023.0,2.5,0.0,12000.0,0.0,750.0
2018-05-29 17:10:30.664726,1023.0,2.5,0.0,12000.0,0.0,750.0
2018-05-29 17:10:30.865605,1023.0,2.5,0.0,12000.0,0.0,750.0
2018-05-29 17:10:31.070482,1023.0,2.5,0.0,12000.0,0.0,750.0
2018-05-29 17:10:31.267364,1023.0,2.5,0.0,12000.0,0.0,750.0
2018-05-29 17:10:31.469243,1023.0,2.5,0.0,12000.0,0.0,750.0
2018-05-29 17:10:31.670122,1023.0,2.5,0.0,12000.0,0.0,750.0
2018-05-29 17:10:31.872001,1023.0,2.5,0.0,12000.0,0.0,750.0
2018-05-29 17:10:32.073880,1023.0,2.5,0.0,12000.0,0.0,750.0
2018-05-29 17:10:32.274759,1023.0,2.5,0.0,12000.0,0.0,750.0
2018-05-29 17:10:32.477638,1023.0,2.5,0.0,12000.0,0.0,750.0
2018-05-29 17:10:32.676518,1023.0,2.5,0.0,12000.0,0.0,750.0
2018-05-29 17:10:32.877398,1023.0,2.5,0.0,12000.0,0.0,750.0
2018-05-29 17:10:33.078277,1023.0,2.5,0.0,12000.0,0.0,750.0
2018-05-29 17:10:33.279156,1023.0,2.5,0.0,12000.0,0.0,750.0
2018-05-29 17:10:33.481035,1023.0,2.5,0.0,12000.0,0.0,750.0
2018-05-29 17:10:33.682914,1023.0,2.5,0.0,12000.0,0.0,750.0
2018-05-29 17:10:33.885792,1023.0,2.5,0.0,12000.0,0.0,750.0
2018-05-29 17:10:34.086672,1023.0,2.5,0.0,12000.0,0.0,750.0
2018-05-29 17:10:34.287551,1023.0,2.5,0.0,12000.0,0.0,750.0
2018-05-29 17:10:34.492428,1023.0,2.5,0.0,12000.0,0.0,750.0
2018-05-29 17:10:34.690309,1023.0,2.5,0.0,12000.0,0.0,750.0
2018-05-29 17:10:34.891189,1023.0,2.5,0.0,12000.0,0.0,750.0
2018-05-29 17:10:35.093067,1023.0,2.5,0.0,12000.0,0.0,750.0
2018-05-29 17:10:35.294946,1023.0,2.5,0.0,12000.0,0.0,750.0
2018-05-29 17:10:35.495826,1023.0,2.5,0.0,12000.0,0.0,750.0
2018-05-29 17:10:35.696705,1023.0,2.5,0.0,12000.0,0.0,750.0
2018-05-29 17:10:35.899583,1023.0,2.5,0.0,12000.0,0.0,750.0
2018-05-29 17:10:36.098464,1023.0,2.5,0.0,12000.0,0.0,750.0
2018-05-29 17:10:36.299343,1023.0,2.5,0.0,12000.0,0.0,750.0
2018-05-29 17:10:36.500223,1023.0,2.5,0.0,12000.0,0.0,750.0
2018-05-29 17:10:36.701102,1023.0,2.5,0.0,12000.0,0.0,750.0
2018-05-29 17:10:36.901981,1023.0,2.5,0.0,12000.0,0.0,750.0
2018-05-29 17:10:37.103860,1023.0,2.5,0.0,12000.0,0.0,750.0
2018-05-29 17:10:37.306738,1023.0,2.5,0.0,12000.0,0.0,750.0
2018-05-29 17:10:37.505619,1023.0,2.5,0.0,12000.0,0.0,750.0
2018-05-29 17:10:37.706498,1023.0,2.5,0.0,12000.0,0.0,750.0
2018-05-29 17:10:37.907378,1023.0,2.5,0.0,12000.0,0.0,750.0
2018-05-29 17:10:38.111255,1023.0,2.5,0.0,12000.0,0.0,750.0
2018-05-29 17:10:38.312135,1023.0,2.5,0.0,12000.0,0.0,750.0
2018-05-29 17:10:38.513014,1023.0,2.5,0.0,12000.0,0.0,750.0
2018-05-29 17:10:38.713894,1023.0,2.5,0.0,12000.0,0.0,750.0
2018-05-29 17:10:38.914773,1023.0,2.5,0.0,12000.0,0.0,750.0
2018-05-29 17:10:39.115652,1023.0,2.5,0.0,12000.0,0.0,750.0
2018-05-29 17:10:39.316532,1023.0,2.5,0.0,12000.0,0.0,750.0
2018-05-29 17:10:39.518411,1023.0,2.5,0.0,12000.0,0.0,750.0
2018-05-29 17:10:39.719290,1023.0,2.5,0.0,12000.0,0.0,750.0
2018-05-29 17:10:39.920169,1023.0,2.5,0.0,12000.0,0.0,750.0
2018-05-29 17:10:40.122048,1023.0,2.5,0.0,12000.0,0.0,750.0
2018-05-29 17:10:40.322928,1023.0,2.5,0.0,12000.0,0.0,750.0
2018-05-29 17:10:40.524806,1023.0,2.5,0.0,12000.0,0.0,750.0
2018-05-29 17:10:40.728684,1023.0,2.5,0.0,12000.0,0.0,750.0
2018-05-29 17:10:40.926565,1023.0,2.5,0.0,12000.0,0.0,750.0
2018-05-29 17:10:41.127445,1023.0,2.5,0.0,12000.0,0.0,750.0
2018-05-29 17:10:41.328324,1023.0,2.5,0.0,12000.0,0.0,750.0
2018-05-29 17:10:41.529203,1023.0,2.5,0.0,12000.0,0.0,750.0
2018-05-29 17:10:41.730083,1023.0,2.5,0.0,12000.0,0.0,750.0
2018-05-29 17:10:41.930962,1023.0,2.5,0.0,12000.0,0.0,750.0
2018-05-29 17:10:42.134840,1023.0,2.5,0.0,12000.0,0.0,750.0
2018-05-29 17:10:42.333720,1023.0,2.5,0.0,12000.0,0.0,750.0
2018-05-29 17:10:42.534600,1023.0,2.5,0.0,12000.0,0.0,750.0
2018-05-29 17:10:42.735479,1023.0,2.5,0.0,12000.0,0.0,750.0
2018-05-29 17:10:42.936359,1023.0,2.5,0.0,12000.0,0.0,750.0
2018-05-29 17:10:43.137238,1023.0,2.5,0.0,12000.0,0.0,750.0
2018-05-29 17:10:43.338117,1023.0,2.5,0.0,12000.0,0.0,750.0
2018-05-29 17:10:43.541995,1023.0,2.5,0.0,12000.0,0.0,750.0
2018-05-29 17:10:43.739876,1023.0,2.5,0.0,12000.0,0.0,750.0
2018-05-29 17:10:43.940756,1023.0,2.5,0.0,12000.0,0.0,750.0
2018-05-29 17:10:44.141635,1023.0,2.5,0.0,12000.0,0.0,750.0
2018-05-29 17:10:44.343514,1023.0,2.5,0.0,12000.0,0.0,750.0
2018-05-29 17:10:44.544393,1023.0,2.5,0.0,12000.0,0.0,750.0
2018-05-29 17:10:44.745273,1023.0,2.5,0.0,12000.0,0.0,750.0
2018-05-29 17:10:44.949150,1023.0,2.5,0.0,12000.0,0.0,750.0
2018-05-29 17:10:45.147031,1023.0,2.5,0.0,12000.0,0.0,750.0
2018-05-29 17:10:45.347911,1023.0,2.5,0.0,12000.0,0.0,750.0
2018-05-29 17:10:45.565780,1023.0,2.5,0.0,12000.0,0.0,750.0
2018-05-29 17:10:45.772656,1023.0,2.5,0.0,12000.0,0.0,750.0
2018-05-29 17:10:45.982530,1023.0,2.5,0.0,12000.0,0.0,750.0
2018-05-29 17:10:46.191404,1023.0,2.5,0.0,12000.0,0.0,750.0
2018-05-29 17:10:46.393283,1023.0,2.5,0.0,12000.0,0.0,750.0
2018-05-29 17:10:46.600159,1023.0,2.5,0.0,12000.0,0.0,750.0
2018-05-29 17:10:46.804037,1023.0,2.5,0.0,12000.0,0.0,750.0
2018-05-29 17:10:47.001918,1023.0,2.5,0.0,12000.0,0.0,750.0
2018-05-29 17:10:47.202797,1023.0,2.5,0.0,12000.0,0.0,750.0
2018-05-29 17:10:47.403677,1023.0,2.5,0.0,12000.0,0.0,750.0
2018-05-29 17:10:47.604556,1023.0,2.5,0.0,12000.0,0.0,750.0
2018-05-29 17:10:47.805435,1023.0,2.5,0.0,12000.0,0.0,750.0
2018-05-29 17:10:48.006315,1023.0,2.5,0.0,12000.0,0.0,750.0
2018-05-29 17:10:48.211192,1023.0,2.5,0.0,12000.0,0.0,750.0
2018-05-29 17:10:48.408074,1023.0,2.5,0.0,12000.0,0.0,750.0
2018-05-29 17:10:48.608953,1023.0,2.5,0.0,12000.0,0.0,750.0
2018-05-29 17:10:48.810832,1023.0,2.5,0.0,12000.0,0.0,750.0
2018-05-29 17:10:49.011711,1023.0,2.5,0.0,12000.0,0.0,750.0
2018-05-29 17:10:49.212591,1023.0,2.5,0.0,12000.0,0.0,750.0
2018-05-29 17:10:49.413470,1023.0,2.5,0.0,12000.0,0.0,750.0
2018-05-29 17:10:49.618347,1023.0,2.5,0.0,12000.0,0.0,750.0
2018-05-29 17:10:49.815229,1023.0,2.5,0.0,12000.0,0.0,750.0
2018-05-29 17:10:50.016108,1023.0,2.5,0.0,12000.0,0.0,750.0
2018-05-29 17:10:50.216988,1023.0,2.5,0.0,12000.0,0.0,750.0
2018-05-29 17:10:50.417867,1023.0,2.5,0.0,12000.0,0.0,750.0
2018-05-29 17:10:50.618746,1023.0,2.5,0.0,12000.0,0.0,750.0
2018-05-29 17:10:50.824623,1023.0,2.5,0.0,12000.0,0.0,750.0
2018-05-29 17:10:51.032498,1023.0,2.5,0.0,12000.0,0.0,750.0
2018-05-29 17:10:51.233377,1023.0,2.5,0.0,12000.0,0.0,750.0
2018-05-29 17:10:51.434257,1023.0,2.5,0.0,12000.0,0.0,750.0
2018-05-29 17:10:51.635136,1023.0,2.5,0.0,12000.0,0.0,750.0
2018-05-29 17:10:51.836016,1023.0,2.5,0.0,12000.0,0.0,750.0
2018-05-29 17:10:52.036895,1023.0,2.5,0.0,12000.0,0.0,750.0
2018-05-29 17:10:52.237774,1023.0,2.5,0.0,12000.0,0.0,750.0
2018-05-29 17:10:52.438654,1023.0,2.5,0.0,12000.0,0.0,750.0
2018-05-29 17:10:52.640533,1023.0,2.5,0.0,12000.0,0.0,750.0
2018-05-29 17:10:52.840413,1023.0,2.5,0.0,12000.0,0.0,750.0
2018-05-29 17:10:53.042291,1023.0,2.5,0.0,12000.0,0.0,750.0
2018-05-29 17:10:53.243171,1023.0,2.5,0.0,12000.0,0.0,750.0
2018-05-29 17:10:53.444050,1023.0,2.5,0.0,12000.0,0.0,750.0
2018-05-29 17:10:53.645929,1023.0,2.5,0.0,12000.0,0.0,750.0
2018-05-29 17:10:53.846808,1023.0,2.5,0.0,12000.0,0.0,750.0
2018-05-29 17:10:54.047688,1023.0,2.5,0.0,12000.0,0.0,750.0
2018-05-29 17:10:54.248567,1023.0,2.5,0.0,12000.0,0.0,750.0
2018-05-29 17:10:54.449447,1023.0,2.5,0.0,12000.0,0.0,750.0
2018-05-29 17:10:54.655323,1023.0,2.5,0.0,12000.0,0.0,750.0
2018-05-29 17:10:54.852205,1023.0,2.5,0.0,12000.0,0.0,750.0
2018-05-29 17:10:55.055083,1023.0,2.5,0.0,12000.0,0.0,750.0
2018-05-29 17:10:55.255962,1023.0,2.5,0.0,12000.0,0.0,750.0
2018-05-29 17:10:55.456842,1023.0,2.5,0.0,12000.0,0.0,750.0
2018-05-29 17:10:55.657721,1023.0,2.5,0.0,12000.0,0.0,750.0
2018-05-29 17:10:55.860599,1023.0,2.5,0.0,12000.0,0.0,750.0
2018-05-29 17:10:56.065476,1023.0,2.5,0.0,12000.0,0.0,750.0
2018-05-29 17:10:56.266356,1023.0,2.5,0.0,12000.0,0.0,750.0
2018-05-29 17:10:56.471233,1023.0,2.5,0.0,12000.0,0.0,750.0
2018-05-29 17:10:56.672112,1023.0,2.5,0.0,12000.0,0.0,750.0
2018-05-29 17:10:56.872992,1023.0,2.5,0.0,12000.0,0.0,750.0
2018-05-29 17:10:57.075870,1023.0,2.5,0.0,12000.0,0.0,750.0
2018-05-29 17:10:57.276749,1023.0,2.5,0.0,12000.0,0.0,750.0
2018-05-29 17:10:57.477629,1023.0,2.5,0.0,12000.0,0.0,750.0
2018-05-29 17:10:57.678508,1023.0,2.5,0.0,12000.0,0.0,750.0
2018-05-29 17:10:57.879387,1023.0,2.5,0.0,12000.0,0.0,750.0
2018-05-29 17:10:58.080267,1023.0,2.5,0.0,12000.0,0.0,750.0
2018-05-29 17:10:58.281146,1023.0,2.5,0.0,12000.0,0.0,750.0
2018-05-29 17:10:58.482026,1023.0,2.5,0.0,12000.0,0.0,750.0
2018-05-29 17:10:58.684904,1023.0,2.5,0.0,12000.0,0.0,750.0
2018-05-29 17:10:58.884784,1023.0,2.5,0.0,12000.0,0.0,750.0
2018-05-29 17:10:59.101654,1023.0,2.5,0.0,12000.0,0.0,750.0
2018-05-29 17:10:59.308529,1023.0,2.5,0.0,12000.0,0.0,750.0
2018-05-29 17:10:59.509409,1023.0,2.5,0.0,12000.0,0.0,750.0
2018-05-29 17:10:59.710288,1023.0,2.5,0.0,12000.0,0.0,750.0
2018-05-29 17:10:59.911168,1023.0,2.5,0.0,12000.0,0.0,750.0
2018-05-29 17:11:00.112047,1023.0,2.5,0.0,12000.0,0.0,750.0
2018-05-29 17:11:00.314925,1023.0,2.5,0.0,12000.0,0.0,750.0
2018-05-29 17:11:00.513806,1023.0,2.5,0.0,12000.0,0.0,750.0
2018-05-29 17:11:00.714685,1023.0,2.5,0.0,12000.0,0.0,750.0
2018-05-29 17:11:00.915565,1023.0,2.5,0.0,12000.0,0.0,750.0
2018-05-29 17:11:01.116444,1023.0,2.5,0.0,12000.0,0.0,750.0
2018-05-29 17:11:01.317323,1023.0,2.5,0.0,12000.0,0.0,750.0
2018-05-29 17:11:01.518203,1023.0,2.5,0.0,12000.0,0.0,750.0
2018-05-29 17:11:01.722080,1023.0,2.5,0.0,12000.0,0.0,750.0
2018-05-29 17:11:01.919962,1023.0,2.5,0.0,12000.0,0.0,750.0
2018-05-29 17:11:02.120841,1023.0,2.5,0.0,12000.0,0.0,750.0
2018-05-29 17:11:02.321720,1023.0,2.5,0.0,12000.0,0.0,750.0
2018-05-29 17:11:02.522600,1023.0,2.5,0.0,12000.0,0.0,750.0
2018-05-29 17:11:02.723479,1023.0,2.5,0.0,12000.0,0.0,750.0
2018-05-29 17:11:02.924359,1023.0,2.5,0.0,12000.0,0.0,750.0
2018-05-29 17:11:03.129236,1023.0,2.5,0.0,12000.0,0.0,750.0
2018-05-29 17:11:03.326117,1023.0,2.5,0.0,12000.0,0.0,750.0
2018-05-29 17:11:03.530994,1023.0,2.5,0.0,12000.0,0.0,750.0
2018-05-29 17:11:03.731874,1023.0,2.5,0.0,12000.0,0.0,750.0
2018-05-29 17:11:03.932753,1023.0,2.5,0.0,12000.0,0.0,750.0
2018-05-29 17:11:04.133633,1023.0,2.5,0.0,12000.0,0.0,750.0
2018-05-29 17:11:04.334512,1023.0,2.5,0.0,12000.0,0.0,750.0
2018-05-29 17:11:04.536391,1023.0,2.5,0.0,12000.0,0.0,750.0
2018-05-29 17:11:04.741268,1023.0,2.5,0.0,12000.0,0.0,750.0
2018-05-29 17:11:04.938150,1023.0,2.5,0.0,12000.0,0.0,750.0
2018-05-29 17:11:05.139029,1023.0,2.5,0.0,12000.0,0.0,750.0
2018-05-29 17:11:05.339908,1023.0,2.5,0.0,12000.0,0.0,750.0
2018-05-29 17:11:05.543786,1023.0,2.5,0.0,12000.0,0.0,750.0
2018-05-29 17:11:05.741667,1023.0,2.5,0.0,12000.0,0.0,750.0
2018-05-29 17:11:05.943546,1023.0,2.5,0.0,12000.0,0.0,750.0
2018-05-29 17:11:06.144425,1023.0,2.5,0.0,12000.0,0.0,750.0
2018-05-29 17:11:06.345305,1023.0,2.5,0.0,12000.0,0.0,750.0
2018-05-29 17:11:06.546184,1023.0,2.5,0.0,12000.0,0.0,750.0
2018-05-29 17:11:06.747064,1023.0,2.5,0.0,12000.0,0.0,750.0
2018-05-29 17:11:06.950941,1023.0,2.5,0.0,12000.0,0.0,750.0
2018-05-29 17:11:07.148822,1023.0,2.5,0.0,12000.0,0.0,750.0
2018-05-29 17:11:07.349702,1023.0,2.5,0.0,12000.0,0.0,750.0
2018-05-29 17:11:07.550581,1023.0,2.5,0.0,12000.0,0.0,750.0
2018-05-29 17:11:07.754459,1023.0,2.5,0.0,12000.0,0.0,750.0
2018-05-29 17:11:07.955338,1023.0,2.5,0.0,12000.0,0.0,750.0
2018-05-29 17:11:08.156218,1023.0,2.5,0.0,12000.0,0.0,750.0
2018-05-29 17:11:08.359096,1023.0,2.5,0.0,12000.0,0.0,750.0
2018-05-29 17:11:08.559975,1023.0,2.5,0.0,12000.0,0.0,750.0
2018-05-29 17:11:08.760855,1023.0,2.5,0.0,12000.0,0.0,750.0
2018-05-29 17:11:08.965732,1023.0,2.5,0.0,12000.0,0.0,750.0
2018-05-29 17:11:09.163613,1023.0,2.5,0.0,12000.0,0.0,750.0
2018-05-29 17:11:09.364492,1023.0,2.5,0.0,12000.0,0.0,750.0
2018-05-29 17:11:09.565372,1023.0,2.5,0.0,12000.0,0.0,750.0
2018-05-29 17:11:09.766251,1023.0,2.5,0.0,12000.0,0.0,750.0
2018-05-29 17:11:09.967130,1023.0,2.5,0.0,12000.0,0.0,750.0
2018-05-29 17:11:10.168010,1023.0,2.5,0.0,12000.0,0.0,750.0
2018-05-29 17:11:10.372887,1023.0,2.5,0.0,12000.0,0.0,750.0
2018-05-29 17:11:10.570768,1023.0,2.5,0.0,12000.0,0.0,750.0
2018-05-29 17:11:10.771647,1023.0,2.5,0.0,12000.0,0.0,750.0
2018-05-29 17:11:10.972527,1023.0,2.5,0.0,12000.0,0.0,750.0
2018-05-29 17:11:11.173406,1023.0,2.5,0.0,12000.0,0.0,750.0
2018-05-29 17:11:11.374286,1023.0,2.5,0.0,12000.0,0.0,750.0
2018-05-29 17:11:11.576164,1023.0,2.5,0.0,12000.0,0.0,750.0
2018-05-29 17:11:11.780042,1023.0,2.5,0.0,12000.0,0.0,750.0
2018-05-29 17:11:11.979922,1023.0,2.5,0.0,12000.0,0.0,750.0
2018-05-29 17:11:12.181801,1023.0,2.5,0.0,12000.0,0.0,750.0
2018-05-29 17:11:12.382680,1023.0,2.5,0.0,12000.0,0.0,750.0
2018-05-29 17:11:12.583560,1023.0,2.5,0.0,12000.0,0.0,750.0
2018-05-29 17:11:12.784439,1023.0,2.5,0.0,12000.0,0.0,750.0
2018-05-29 17:11:12.985318,1023.0,2.5,0.0,12000.0,0.0,750.0
2018-05-29 17:11:13.187197,1023.0,2.5,0.0,12000.0,0.0,750.0
2018-05-29 17:11:13.387077,1023.0,2.5,0.0,12000.0,0.0,750.0
2018-05-29 17:11:13.587957,1023.0,2.5,0.0,12000.0,0.0,750.0
2018-05-29 17:11:13.789835,1023.0,2.5,0.0,12000.0,0.0,750.0
2018-05-29 17:11:13.990715,1023.0,2.5,0.0,12000.0,0.0,750.0
2018-05-29 17:11:14.191594,1023.0,2.5,0.0,12000.0,0.0,750.0
2018-05-29 17:11:14.392474,1023.0,2.5,0.0,12000.0,0.0,750.0
2018-05-29 17:11:14.594352,1023.0,2.5,0.0,12000.0,0.0,750.0
2018-05-29 17:11:14.796231,1023.0,2.5,0.0,12000.0,0.0,750.0
2018-05-29 17:11:14.997111,1023.0,2.5,0.0,12000.0,0.0,750.0
2018-05-29 17:11:15.197990,1023.0,2.5,0.0,12000.0,0.0,750.0
2018-05-29 17:11:15.398869,1023.0,2.5,0.0,12000.0,0.0,750.0
2018-05-29 17:11:15.599749,1023.0,2.5,0.0,12000.0,0.0,750.0
2018-05-29 17:11:15.800628,1023.0,2.5,0.0,12000.0,0.0,750.0
2018-05-29 17:11:16.001508,1023.0,2.5,0.0,12000.0,0.0,750.0
2018-05-29 17:11:16.206385,1023.0,2.5,0.0,12000.0,0.0,750.0
2018-05-29 17:11:16.407264,1023.0,2.5,0.0,12000.0,0.0,750.0
2018-05-29 17:11:16.608143,1023.0,2.5,0.0,12000.0,0.0,750.0
2018-05-29 17:11:16.809023,1023.0,2.5,0.0,12000.0,0.0,750.0
2018-05-29 17:11:17.009902,1023.0,2.5,0.0,12000.0,0.0,750.0
2018-05-29 17:11:17.210782,1023.0,2.5,0.0,12000.0,0.0,750.0
2018-05-29 17:11:17.412660,1023.0,2.5,0.0,12000.0,0.0,750.0
2018-05-29 17:11:17.613540,1023.0,2.5,0.0,12000.0,0.0,750.0
2018-05-29 17:11:17.815419,1023.0,2.5,0.0,12000.0,0.0,750.0
2018-05-29 17:11:18.017297,1023.0,2.5,0.0,12000.0,0.0,750.0
2018-05-29 17:11:18.218177,1023.0,2.5,0.0,12000.0,0.0,750.0
2018-05-29 17:11:18.419056,1023.0,2.5,0.0,12000.0,0.0,750.0
2018-05-29 17:11:18.619936,1023.0,2.5,0.0,12000.0,0.0,750.0
2018-05-29 17:11:18.820815,1023.0,2.5,0.0,12000.0,0.0,750.0
2018-05-29 17:11:19.022694,1023.0,2.5,0.0,12000.0,0.0,750.0
2018-05-29 17:11:19.223573,1023.0,2.5,0.0,12000.0,0.0,750.0
2018-05-29 17:11:19.424453,1023.0,2.5,0.0,12000.0,0.0,750.0
2018-05-29 17:11:19.625332,1023.0,2.5,0.0,12000.0,0.0,750.0
2018-05-29 17:11:19.826211,1023.0,2.5,0.0,12000.0,0.0,750.0
2018-05-29 17:11:20.027091,1023.0,2.5,0.0,12000.0,0.0,750.0
2018-05-29 17:11:20.227970,1023.0,2.5,0.0,12000.0,0.0,750.0
2018-05-29 17:11:20.430848,1023.0,2.5,0.0,12000.0,0.0,750.0
2018-05-29 17:11:20.631728,1023.0,2.5,0.0,12000.0,0.0,750.0
2018-05-29 17:11:20.832607,1023.0,2.5,0.0,12000.0,0.0,750.0
2018-05-29 17:11:21.033487,1023.0,2.5,0.0,12000.0,0.0,750.0
2018-05-29 17:11:21.234366,1023.0,2.5,0.0,12000.0,0.0,750.0
2018-05-29 17:11:21.435245,1023.0,2.5,0.0,12000.0,0.0,750.0
2018-05-29 17:11:21.636125,1023.0,2.5,0.0,12000.0,0.0,750.0
2018-05-29 17:11:21.837004,1023.0,2.5,0.0,12000.0,0.0,750.0
2018-05-29 17:11:22.037884,1023.0,2.5,0.0,12000.0,0.0,750.0
2018-05-29 17:11:22.239762,1023.0,2.5,0.0,12000.0,0.0,750.0
2018-05-29 17:11:22.440642,1023.0,2.5,0.0,12000.0,0.0,750.0
2018-05-29 17:11:22.642521,1023.0,2.5,0.0,12000.0,0.0,750.0
2018-05-29 17:11:22.844399,1023.0,2.5,0.0,12000.0,0.0,750.0
2018-05-29 17:11:23.045279,1023.0,2.5,0.0,12000.0,0.0,750.0
2018-05-29 17:11:23.248157,1023.0,2.5,0.0,12000.0,0.0,750.0
2018-05-29 17:11:23.449036,1023.0,2.5,0.0,12000.0,0.0,750.0
2018-05-29 17:11:23.649916,1023.0,2.5,0.0,12000.0,0.0,750.0
2018-05-29 17:11:23.850795,1023.0,2.5,0.0,12000.0,0.0,750.0
2018-05-29 17:11:24.051675,1023.0,2.5,0.0,12000.0,0.0,750.0
2018-05-29 17:11:24.252554,1023.0,2.5,0.0,12000.0,0.0,750.0
2018-05-29 17:11:24.454433,1023.0,2.5,0.0,12000.0,0.0,750.0
2018-05-29 17:11:24.658310,1023.0,2.5,0.0,12000.0,0.0,750.0
2018-05-29 17:11:24.859190,1023.0,2.5,0.0,12000.0,0.0,750.0
2018-05-29 17:11:25.060069,1023.0,2.5,0.0,12000.0,0.0,750.0
2018-05-29 17:11:25.260949,1023.0,2.5,0.0,12000.0,0.0,750.0
2018-05-29 17:11:25.461828,1023.0,2.5,0.0,12000.0,0.0,750.0
2018-05-29 17:11:25.662707,1023.0,2.5,0.0,12000.0,0.0,750.0
2018-05-29 17:11:25.863587,1023.0,2.5,0.0,12000.0,0.0,750.0
2018-05-29 17:11:26.064466,1023.0,2.5,0.0,12000.0,0.0,750.0
2018-05-29 17:11:26.265346,1023.0,2.5,0.0,12000.0,0.0,750.0
2018-05-29 17:11:26.466225,1023.0,2.5,0.0,12000.0,0.0,750.0
2018-05-29 17:11:26.667104,1023.0,2.5,0.0,12000.0,0.0,750.0
2018-05-29 17:11:26.867984,1023.0,2.5,0.0,12000.0,0.0,750.0
2018-05-29 17:11:27.068863,1023.0,2.5,0.0,12000.0,0.0,750.0
2018-05-29 17:11:27.269743,1023.0,2.5,0.0,12000.0,0.0,750.0
2018-05-29 17:11:27.470622,1023.0,2.5,0.0,12000.0,0.0,750.0
2018-05-29 17:11:27.673500,1023.0,2.5,0.0,12000.0,0.0,750.0
2018-05-29 17:11:27.874380,1023.0,2.5,0.0,12000.0,0.0,750.0
2018-05-29 17:11:28.075259,1023.0,2.5,0.0,12000.0,0.0,750.0
2018-05-29 17:11:28.276138,1023.0,2.5,0.0,12000.0,0.0,750.0
2018-05-29 17:11:28.477018,1023.0,2.5,0.0,12000.0,0.0,750.0
2018-05-29 17:11:28.677897,1023.0,2.5,0.0,12000.0,0.0,750.0
2018-05-29 17:11:28.880775,1023.0,2.5,0.0,12000.0,0.0,750.0
2018-05-29 17:11:29.082654,1023.0,2.5,0.0,12000.0,0.0,750.0
2018-05-29 17:11:29.283534,1023.0,2.5,0.0,12000.0,0.0,750.0
2018-05-29 17:11:29.484413,1023.0,2.5,0.0,12000.0,0.0,750.0
2018-05-29 17:11:29.685292,1023.0,2.5,0.0,12000.0,0.0,750.0
2018-05-29 17:11:29.886172,1023.0,2.5,0.0,12000.0,0.0,750.0
2018-05-29 17:11:30.087051,1023.0,2.5,0.0,12000.0,0.0,750.0
2018-05-29 17:11:30.287931,1023.0,2.5,0.0,12000.0,0.0,750.0
2018-05-29 17:11:30.488810,1023.0,2.5,0.0,12000.0,0.0,750.0
2018-05-29 17:11:30.689689,1023.0,2.5,0.0,12000.0,0.0,750.0
2018-05-29 17:11:30.890569,1023.0,2.5,0.0,12000.0,0.0,750.0
2018-05-29 17:11:31.092448,1023.0,2.5,0.0,12000.0,0.0,750.0
2018-05-29 17:11:31.293327,1023.0,2.5,0.0,12000.0,0.0,750.0
2018-05-29 17:11:31.494206,1023.0,2.5,0.0,12000.0,0.0,750.0
2018-05-29 17:11:31.695086,1023.0,2.5,0.0,12000.0,0.0,750.0
2018-05-29 17:11:31.895965,1023.0,2.5,0.0,12000.0,0.0,750.0
2018-05-29 17:11:32.096845,1023.0,2.5,0.0,12000.0,0.0,750.0
2018-05-29 17:11:32.297724,1023.0,2.5,0.0,12000.0,0.0,750.0
2018-05-29 17:11:32.498603,1023.0,2.5,0.0,12000.0,0.0,750.0
2018-05-29 17:11:32.699483,1023.0,2.5,0.0,12000.0,0.0,750.0
2018-05-29 17:11:32.901362,1023.0,2.5,0.0,12000.0,0.0,750.0
2018-05-29 17:11:33.103240,1023.0,2.5,0.0,12000.0,0.0,750.0
2018-05-29 17:11:33.304120,1023.0,2.5,0.0,12000.0,0.0,750.0
2018-05-29 17:11:33.504999,1023.0,2.5,0.0,12000.0,0.0,750.0
2018-05-29 17:11:33.705879,1023.0,2.5,0.0,12000.0,0.0,750.0
2018-05-29 17:11:33.906758,1023.0,2.5,0.0,12000.0,0.0,750.0
2018-05-29 17:11:34.107637,1023.0,2.5,0.0,12000.0,0.0,750.0
2018-05-29 17:11:34.308517,1023.0,2.5,0.0,12000.0,0.0,750.0
2018-05-29 17:11:34.510396,1023.0,2.5,0.0,12000.0,0.0,750.0
2018-05-29 17:11:34.711275,1023.0,2.5,0.0,12000.0,0.0,750.0
2018-05-29 17:11:34.912154,1023.0,2.5,0.0,12000.0,0.0,750.0
2018-05-29 17:11:35.113034,1023.0,2.5,0.0,12000.0,0.0,750.0
2018-05-29 17:11:35.313913,1023.0,2.5,0.0,12000.0,0.0,750.0
2018-05-29 17:11:35.514793,1023.0,2.5,0.0,12000.0,0.0,750.0
2018-05-29 17:11:35.715672,1023.0,2.5,0.0,12000.0,0.0,750.0
2018-05-29 17:11:35.916551,1023.0,2.5,0.0,12000.0,0.0,750.0
2018-05-29 17:11:36.117431,1023.0,2.5,0.0,12000.0,0.0,750.0
2018-05-29 17:11:36.319310,1023.0,2.5,0.0,12000.0,0.0,750.0
2018-05-29 17:11:36.520189,1023.0,2.5,0.0,12000.0,0.0,750.0
2018-05-29 17:11:36.721068,1023.0,2.5,0.0,12000.0,0.0,750.0
2018-05-29 17:11:36.921948,1023.0,2.5,0.0,12000.0,0.0,750.0
2018-05-29 17:11:37.122827,1023.0,2.5,0.0,12000.0,0.0,750.0
2018-05-29 17:11:37.325705,1023.0,2.5,0.0,12000.0,0.0,750.0
2018-05-29 17:11:37.526585,1023.0,2.5,0.0,12000.0,0.0,750.0
2018-05-29 17:11:37.727464,1023.0,2.5,0.0,12000.0,0.0,750.0
2018-05-29 17:11:37.928344,1023.0,2.5,0.0,12000.0,0.0,750.0
2018-05-29 17:11:38.130222,1023.0,2.5,0.0,12000.0,0.0,750.0
2018-05-29 17:11:38.331102,1023.0,2.5,0.0,12000.0,0.0,750.0
2018-05-29 17:11:38.531981,1023.0,2.5,0.0,12000.0,0.0,750.0
2018-05-29 17:11:38.732861,1023.0,2.5,0.0,12000.0,0.0,750.0
2018-05-29 17:11:38.933740,1023.0,2.5,0.0,12000.0,0.0,750.0
2018-05-29 17:11:39.134619,1023.0,2.5,0.0,12000.0,0.0,750.0
2018-05-29 17:11:39.335499,1023.0,2.5,0.0,12000.0,0.0,750.0
2018-05-29 17:11:39.536378,1023.0,2.5,0.0,12000.0,0.0,750.0
2018-05-29 17:11:39.737258,1023.0,2.5,0.0,12000.0,0.0,750.0
2018-05-29 17:11:39.939136,1023.0,2.5,0.0,12000.0,0.0,750.0
2018-05-29 17:11:40.140016,1023.0,2.5,0.0,12000.0,0.0,750.0
2018-05-29 17:11:40.340895,1023.0,2.5,0.0,12000.0,0.0,750.0
2018-05-29 17:11:40.541775,1023.0,2.5,0.0,12000.0,0.0,750.0
2018-05-29 17:11:40.742654,1023.0,2.5,0.0,12000.0,0.0,750.0
2018-05-29 17:11:40.943533,1023.0,2.5,0.0,12000.0,0.0,750.0
2018-05-29 17:11:41.144413,1023.0,2.5,0.0,12000.0,0.0,750.0
2018-05-29 17:11:41.345292,1023.0,2.5,0.0,12000.0,0.0,750.0
2018-05-29 17:11:41.549170,1023.0,2.5,0.0,12000.0,0.0,750.0
2018-05-29 17:11:41.750049,1023.0,2.5,0.0,12000.0,0.0,750.0
2018-05-29 17:11:41.950929,1023.0,2.5,0.0,12000.0,0.0,750.0
2018-05-29 17:11:42.151808,1023.0,2.5,0.0,12000.0,0.0,750.0
2018-05-29 17:11:42.352687,1023.0,2.5,0.0,12000.0,0.0,750.0
2018-05-29 17:11:42.553567,1023.0,2.5,0.0,12000.0,0.0,750.0
2018-05-29 17:11:42.754446,1023.0,2.5,0.0,12000.0,0.0,750.0
2018-05-29 17:11:42.955326,1023.0,2.5,0.0,12000.0,0.0,750.0
2018-05-29 17:11:43.157204,1023.0,2.5,0.0,12000.0,0.0,750.0
2018-05-29 17:11:43.358084,1023.0,2.5,0.0,12000.0,0.0,750.0
2018-05-29 17:11:43.558963,1023.0,2.5,0.0,12000.0,0.0,750.0
2018-05-29 17:11:43.759843,1023.0,2.5,0.0,12000.0,0.0,750.0
2018-05-29 17:11:43.960722,1023.0,2.5,0.0,12000.0,0.0,750.0
2018-05-29 17:11:44.161601,1023.0,2.5,0.0,12000.0,0.0,750.0
2018-05-29 17:11:44.362481,1023.0,2.5,0.0,12000.0,0.0,750.0
2018-05-29 17:11:44.563360,1023.0,2.5,0.0,12000.0,0.0,750.0
2018-05-29 17:11:44.764240,1023.0,2.5,0.0,12000.0,0.0,750.0
2018-05-29 17:11:44.965119,1023.0,2.5,0.0,12000.0,0.0,750.0
2018-05-29 17:11:45.165998,1023.0,2.5,0.0,12000.0,0.0,750.0
2018-05-29 17:11:45.367877,1023.0,2.5,0.0,12000.0,0.0,750.0
2018-05-29 17:11:45.567757,1023.0,2.5,0.0,12000.0,0.0,750.0
2018-05-29 17:11:45.770635,1023.0,2.5,0.0,12000.0,0.0,750.0
2018-05-29 17:11:45.971515,1023.0,2.5,0.0,12000.0,0.0,750.0
2018-05-29 17:11:46.172394,1023.0,2.5,0.0,12000.0,0.0,750.0
2018-05-29 17:11:46.373274,1023.0,2.5,0.0,12000.0,0.0,750.0
2018-05-29 17:11:46.574153,1023.0,2.5,0.0,12000.0,0.0,750.0
2018-05-29 17:11:46.775032,1023.0,2.5,0.0,12000.0,0.0,750.0
2018-05-29 17:11:46.975912,1023.0,2.5,0.0,12000.0,0.0,750.0
2018-05-29 17:11:47.176791,1023.0,2.5,0.0,12000.0,0.0,750.0
2018-05-29 17:11:47.377671,1023.0,2.5,0.0,12000.0,0.0,750.0
2018-05-29 17:11:47.579549,1023.0,2.5,0.0,12000.0,0.0,750.0
2018-05-29 17:11:47.780429,1023.0,2.5,0.0,12000.0,0.0,750.0
2018-05-29 17:11:47.981308,1023.0,2.5,0.0,12000.0,0.0,750.0
2018-05-29 17:11:48.182188,1023.0,2.5,0.0,12000.0,0.0,750.0
2018-05-29 17:11:48.383067,1023.0,2.5,0.0,12000.0,0.0,750.0
2018-05-29 17:11:48.583946,1023.0,2.5,0.0,12000.0,0.0,750.0
2018-05-29 17:11:48.784826,1023.0,2.5,0.0,12000.0,0.0,750.0
2018-05-29 17:11:48.985705,1023.0,2.5,0.0,12000.0,0.0,750.0
2018-05-29 17:11:49.186585,1023.0,2.5,0.0,12000.0,0.0,750.0
2018-05-29 17:11:49.389463,1023.0,2.5,0.0,12000.0,0.0,750.0
2018-05-29 17:11:49.589343,1023.0,2.5,0.0,12000.0,0.0,750.0
2018-05-29 17:11:49.791222,1023.0,2.5,0.0,12000.0,0.0,750.0
2018-05-29 17:11:49.993100,1023.0,2.5,0.0,12000.0,0.0,750.0
2018-05-29 17:11:50.193980,1023.0,2.5,0.0,12000.0,0.0,750.0
2018-05-29 17:11:50.394859,1023.0,2.5,0.0,12000.0,0.0,750.0
2018-05-29 17:11:50.596738,1023.0,2.5,0.0,12000.0,0.0,750.0
2018-05-29 17:11:50.797617,1023.0,2.5,0.0,12000.0,0.0,750.0
2018-05-29 17:11:50.998497,1023.0,2.5,0.0,12000.0,0.0,750.0
2018-05-29 17:11:51.199376,1023.0,2.5,0.0,12000.0,0.0,750.0
2018-05-29 17:11:51.400256,1023.0,2.5,0.0,12000.0,0.0,750.0
2018-05-29 17:11:51.601135,1023.0,2.5,0.0,12000.0,0.0,750.0
2018-05-29 17:11:51.802014,1023.0,2.5,0.0,12000.0,0.0,750.0
2018-05-29 17:11:52.002894,1023.0,2.5,0.0,12000.0,0.0,750.0
2018-05-29 17:11:52.203773,1023.0,2.5,0.0,12000.0,0.0,750.0
2018-05-29 17:11:52.404653,1023.0,2.5,0.0,12000.0,0.0,750.0
2018-05-29 17:11:52.607531,1023.0,2.5,0.0,12000.0,0.0,750.0
2018-05-29 17:11:52.808410,1023.0,2.5,0.0,12000.0,0.0,750.0
2018-05-29 17:11:53.009290,1023.0,2.5,0.0,12000.0,0.0,750.0
2018-05-29 17:11:53.210169,1023.0,2.5,0.0,12000.0,0.0,750.0
2018-05-29 17:11:53.411048,1023.0,2.5,0.0,12000.0,0.0,750.0
2018-05-29 17:11:53.611928,1023.0,2.5,0.0,12000.0,0.0,750.0
2018-05-29 17:11:53.812807,1023.0,2.5,0.0,12000.0,0.0,750.0
2018-05-29 17:11:54.013687,1023.0,2.5,0.0,12000.0,0.0,750.0
2018-05-29 17:11:54.217564,1023.0,2.5,0.0,12000.0,0.0,750.0
2018-05-29 17:11:54.418444,1023.0,2.5,0.0,12000.0,0.0,750.0
2018-05-29 17:11:54.619323,1023.0,2.5,0.0,12000.0,0.0,750.0
2018-05-29 17:11:54.820202,1023.0,2.5,0.0,12000.0,0.0,750.0
2018-05-29 17:11:55.021082,1023.0,2.5,0.0,12000.0,0.0,750.0
2018-05-29 17:11:55.221961,1023.0,2.5,0.0,12000.0,0.0,750.0
2018-05-29 17:11:55.422841,1023.0,2.5,0.0,12000.0,0.0,750.0
2018-05-29 17:11:55.623720,1023.0,2.5,0.0,12000.0,0.0,750.0
2018-05-29 17:11:55.824599,1023.0,2.5,0.0,12000.0,0.0,750.0
2018-05-29 17:11:56.025479,1023.0,2.5,0.0,12000.0,0.0,750.0
2018-05-29 17:11:56.226358,1023.0,2.5,0.0,12000.0,0.0,750.0
2018-05-29 17:11:56.427238,1023.0,2.5,0.0,12000.0,0.0,750.0
2018-05-29 17:11:56.628117,1023.0,2.5,0.0,12000.0,0.0,750.0
2018-05-29 17:11:56.828996,1023.0,2.5,0.0,12000.0,0.0,750.0
2018-05-29 17:11:57.029876,1023.0,2.5,0.0,12000.0,0.0,750.0
2018-05-29 17:11:57.230755,1023.0,2.5,0.0,12000.0,0.0,750.0
2018-05-29 17:11:57.431635,1023.0,2.5,0.0,12000.0,0.0,750.0
2018-05-29 17:11:57.632514,1023.0,2.5,0.0,12000.0,0.0,750.0
2018-05-29 17:11:57.834393,1023.0,2.5,0.0,12000.0,0.0,750.0
2018-05-29 17:11:58.035272,1023.0,2.5,0.0,12000.0,0.0,750.0
2018-05-29 17:11:58.236152,1023.0,2.5,0.0,12000.0,0.0,750.0
2018-05-29 17:11:58.438030,1023.0,2.5,0.0,12000.0,0.0,750.0
2018-05-29 17:11:58.638910,1023.0,2.5,0.0,12000.0,0.0,750.0
2018-05-29 17:11:58.839789,1023.0,2.5,0.0,12000.0,0.0,750.0
2018-05-29 17:11:59.040669,1023.0,2.5,0.0,12000.0,0.0,750.0
2018-05-29 17:11:59.241548,1023.0,2.5,0.0,12000.0,0.0,750.0
2018-05-29 17:11:59.442427,1023.0,2.5,0.0,12000.0,0.0,750.0
2018-05-29 17:11:59.643307,1023.0,2.5,0.0,12000.0,0.0,750.0
2018-05-29 17:11:59.845186,1023.0,2.5,0.0,12000.0,0.0,750.0
2018-05-29 17:12:00.046065,1023.0,2.5,0.0,12000.0,0.0,750.0
2018-05-29 17:12:00.246944,1023.0,2.5,0.0,12000.0,0.0,750.0
2018-05-29 17:12:00.447824,1023.0,2.5,0.0,12000.0,0.0,750.0
2018-05-29 17:12:00.649703,1023.0,2.5,0.0,12000.0,0.0,750.0
2018-05-29 17:12:00.850582,1023.0,2.5,0.0,12000.0,0.0,750.0
2018-05-29 17:12:01.051461,1023.0,2.5,0.0,12000.0,0.0,750.0
2018-05-29 17:12:01.252341,1023.0,2.5,0.0,12000.0,0.0,750.0
2018-05-29 17:12:01.454220,1023.0,2.5,0.0,12000.0,0.0,750.0
2018-05-29 17:12:01.655099,1023.0,2.5,0.0,12000.0,0.0,750.0
2018-05-29 17:12:01.855978,1023.0,2.5,0.0,12000.0,0.0,750.0
2018-05-29 17:12:02.056858,1023.0,2.5,0.0,12000.0,0.0,750.0
2018-05-29 17:12:02.257737,1023.0,2.5,0.0,12000.0,0.0,750.0
2018-05-29 17:12:02.458617,1023.0,2.5,0.0,12000.0,0.0,750.0
2018-05-29 17:12:02.661495,1023.0,2.5,0.0,12000.0,0.0,750.0
2018-05-29 17:12:02.862374,1023.0,2.5,0.0,12000.0,0.0,750.0
2018-05-29 17:12:03.063254,1023.0,2.5,0.0,12000.0,0.0,750.0
2018-05-29 17:12:03.264133,1023.0,2.5,0.0,12000.0,0.0,750.0
2018-05-29 17:12:03.465012,1023.0,2.5,0.0,12000.0,0.0,750.0
2018-05-29 17:12:03.665892,1023.0,2.5,0.0,12000.0,0.0,750.0
2018-05-29 17:12:03.866771,1023.0,2.5,0.0,12000.0,0.0,750.0
2018-05-29 17:12:04.067651,1023.0,2.5,0.0,12000.0,0.0,750.0
2018-05-29 17:12:04.268530,1023.0,2.5,0.0,12000.0,0.0,750.0
2018-05-29 17:12:04.469409,1023.0,2.5,0.0,12000.0,0.0,750.0
2018-05-29 17:12:04.670289,1023.0,2.5,0.0,12000.0,0.0,750.0
2018-05-29 17:12:04.872168,1023.0,2.5,0.0,12000.0,0.0,750.0
2018-05-29 17:12:05.073047,1023.0,2.5,0.0,12000.0,0.0,750.0
2018-05-29 17:12:05.273926,1023.0,2.5,0.0,12000.0,0.0,750.0
2018-05-29 17:12:05.474806,1023.0,2.5,0.0,12000.0,0.0,750.0
2018-05-29 17:12:05.675685,1023.0,2.5,0.0,12000.0,0.0,750.0
2018-05-29 17:12:05.876565,1023.0,2.5,0.0,12000.0,0.0,750.0
2018-05-29 17:12:06.077444,1023.0,2.5,0.0,12000.0,0.0,750.0
2018-05-29 17:12:06.278323,1023.0,2.5,0.0,12000.0,0.0,750.0
2018-05-29 17:12:06.480202,1023.0,2.5,0.0,12000.0,0.0,750.0
2018-05-29 17:12:06.681082,1023.0,2.5,0.0,12000.0,0.0,750.0
2018-05-29 17:12:06.882960,1023.0,2.5,0.0,12000.0,0.0,750.0
2018-05-29 17:12:07.082840,1023.0,2.5,0.0,12000.0,0.0,750.0
2018-05-29 17:12:07.283720,1023.0,2.5,0.0,12000.0,0.0,750.0
2018-05-29 17:12:07.484599,1023.0,2.5,0.0,12000.0,0.0,750.0
2018-05-29 17:12:07.685479,1023.0,2.5,0.0,12000.0,0.0,750.0
2018-05-29 17:12:07.886358,1023.0,2.5,0.0,12000.0,0.0,750.0
2018-05-29 17:12:08.087237,1023.0,2.5,0.0,12000.0,0.0,750.0
2018-05-29 17:12:08.288117,1023.0,2.5,0.0,12000.0,0.0,750.0
2018-05-29 17:12:08.489996,1023.0,2.5,0.0,12000.0,0.0,750.0
2018-05-29 17:12:08.690875,1023.0,2.5,0.0,12000.0,0.0,750.0
2018-05-29 17:12:08.890755,1023.0,2.5,0.0,12000.0,0.0,750.0
2018-05-29 17:12:09.091634,1023.0,2.5,0.0,12000.0,0.0,750.0
2018-05-29 17:12:09.292514,1023.0,2.5,0.0,12000.0,0.0,750.0
2018-05-29 17:12:09.493393,1023.0,2.5,0.0,12000.0,0.0,750.0
2018-05-29 17:12:09.694273,1023.0,2.5,0.0,12000.0,0.0,750.0
2018-05-29 17:12:09.895152,1023.0,2.5,0.0,12000.0,0.0,750.0
2018-05-29 17:12:10.096031,1023.0,2.5,0.0,12000.0,0.0,750.0
2018-05-29 17:12:10.296911,1023.0,2.5,0.0,12000.0,0.0,750.0
2018-05-29 17:12:10.497790,1023.0,2.5,0.0,12000.0,0.0,750.0
2018-05-29 17:12:10.698670,1023.0,2.5,0.0,12000.0,0.0,750.0
2018-05-29 17:12:10.899549,1023.0,2.5,0.0,12000.0,0.0,750.0
2018-05-29 17:12:11.102427,1023.0,2.5,0.0,12000.0,0.0,750.0
2018-05-29 17:12:11.303307,1023.0,2.5,0.0,12000.0,0.0,750.0
2018-05-29 17:12:11.504186,1023.0,2.5,0.0,12000.0,0.0,750.0
2018-05-29 17:12:11.705065,1023.0,2.5,0.0,12000.0,0.0,750.0
2018-05-29 17:12:11.905945,1023.0,2.5,0.0,12000.0,0.0,750.0
2018-05-29 17:12:12.106824,1023.0,2.5,0.0,12000.0,0.0,750.0
2018-05-29 17:12:12.307704,1023.0,2.5,0.0,12000.0,0.0,750.0
2018-05-29 17:12:12.508583,1023.0,2.5,0.0,12000.0,0.0,750.0
2018-05-29 17:12:12.709462,1023.0,2.5,0.0,12000.0,0.0,750.0
2018-05-29 17:12:12.910342,1023.0,2.5,0.0,12000.0,0.0,750.0
2018-05-29 17:12:13.111221,1023.0,2.5,0.0,12000.0,0.0,750.0
2018-05-29 17:12:13.312101,1023.0,2.5,0.0,12000.0,0.0,750.0
2018-05-29 17:12:13.513979,1023.0,2.5,0.0,12000.0,0.0,750.0
2018-05-29 17:12:13.713859,1023.0,2.5,0.0,12000.0,0.0,750.0
2018-05-29 17:12:13.915738,1023.0,2.5,0.0,12000.0,0.0,750.0
2018-05-29 17:12:14.116618,1023.0,2.5,0.0,12000.0,0.0,750.0
2018-05-29 17:12:14.317497,1023.0,2.5,0.0,12000.0,0.0,750.0
2018-05-29 17:12:14.518376,1023.0,2.5,0.0,12000.0,0.0,750.0
2018-05-29 17:12:14.719256,1023.0,2.5,0.0,12000.0,0.0,750.0
2018-05-29 17:12:14.920135,1023.0,2.5,0.0,12000.0,0.0,750.0
2018-05-29 17:12:15.121015,1023.0,2.5,0.0,12000.0,0.0,750.0
2018-05-29 17:12:15.325892,1023.0,2.5,0.0,12000.0,0.0,750.0
2018-05-29 17:12:15.526771,1023.0,2.5,0.0,12000.0,0.0,750.0
2018-05-29 17:12:15.727650,1023.0,2.5,0.0,12000.0,0.0,750.0
2018-05-29 17:12:15.929529,1023.0,2.5,0.0,12000.0,0.0,750.0
2018-05-29 17:12:16.130409,1023.0,2.5,0.0,12000.0,0.0,750.0
2018-05-29 17:12:16.331288,1023.0,2.5,0.0,12000.0,0.0,750.0
2018-05-29 17:12:16.532167,1023.0,2.5,0.0,12000.0,0.0,750.0
2018-05-29 17:12:16.733047,1023.0,2.5,0.0,12000.0,0.0,750.0
2018-05-29 17:12:16.933926,1023.0,2.5,0.0,12000.0,0.0,750.0
2018-05-29 17:12:17.135805,1023.0,2.5,0.0,12000.0,0.0,750.0
2018-05-29 17:12:17.336684,1023.0,2.5,0.0,12000.0,0.0,750.0
2018-05-29 17:12:17.537564,1023.0,2.5,0.0,12000.0,0.0,750.0
2018-05-29 17:12:17.738443,1023.0,2.5,0.0,12000.0,0.0,750.0
2018-05-29 17:12:17.939323,1023.0,2.5,0.0,12000.0,0.0,750.0
2018-05-29 17:12:18.140202,1023.0,2.5,0.0,12000.0,0.0,750.0
2018-05-29 17:12:18.341081,1023.0,2.5,0.0,12000.0,0.0,750.0
2018-05-29 17:12:18.541961,1023.0,2.5,0.0,12000.0,0.0,750.0
2018-05-29 17:12:18.743840,1023.0,2.5,0.0,12000.0,0.0,750.0
2018-05-29 17:12:18.944719,1023.0,2.5,0.0,12000.0,0.0,750.0
2018-05-29 17:12:19.145598,1023.0,2.5,0.0,12000.0,0.0,750.0
2018-05-29 17:12:19.346478,1023.0,2.5,0.0,12000.0,0.0,750.0
2018-05-29 17:12:19.552354,1023.0,2.5,0.0,12000.0,0.0,750.0
2018-05-29 17:12:19.754233,1023.0,2.5,0.0,12000.0,0.0,750.0
2018-05-29 17:12:19.955112,1023.0,2.5,0.0,12000.0,0.0,750.0
2018-05-29 17:12:20.155992,1023.0,2.5,0.0,12000.0,0.0,750.0
2018-05-29 17:12:20.356871,1023.0,2.5,0.0,12000.0,0.0,750.0
2018-05-29 17:12:20.557751,1023.0,2.5,0.0,12000.0,0.0,750.0
2018-05-29 17:12:20.758630,1023.0,2.5,0.0,12000.0,0.0,750.0
2018-05-29 17:12:20.959509,1023.0,2.5,0.0,12000.0,0.0,750.0
2018-05-29 17:12:21.160389,1023.0,2.5,0.0,12000.0,0.0,750.0
2018-05-29 17:12:21.362268,1023.0,2.5,0.0,12000.0,0.0,750.0
2018-05-29 17:12:21.563147,1023.0,2.5,0.0,12000.0,0.0,750.0
2018-05-29 17:12:21.764026,1023.0,2.5,0.0,12000.0,0.0,750.0
2018-05-29 17:12:21.964906,1023.0,2.5,0.0,12000.0,0.0,750.0
2018-05-29 17:12:22.165785,1023.0,2.5,0.0,12000.0,0.0,750.0
2018-05-29 17:12:22.367664,1023.0,2.5,0.0,12000.0,0.0,750.0
2018-05-29 17:12:22.569543,1023.0,2.5,0.0,12000.0,0.0,750.0
2018-05-29 17:12:22.770422,1023.0,2.5,0.0,12000.0,0.0,750.0
2018-05-29 17:12:22.971302,1023.0,2.5,0.0,12000.0,0.0,750.0
2018-05-29 17:12:23.172181,1023.0,2.5,0.0,12000.0,0.0,750.0
2018-05-29 17:12:23.373060,1023.0,2.5,0.0,12000.0,0.0,750.0
2018-05-29 17:12:23.573940,1023.0,2.5,0.0,12000.0,0.0,750.0
2018-05-29 17:12:23.778817,1023.0,2.5,0.0,12000.0,0.0,750.0
2018-05-29 17:12:23.979696,1023.0,2.5,0.0,12000.0,0.0,750.0
2018-05-29 17:12:24.180576,1023.0,2.5,0.0,12000.0,0.0,750.0
2018-05-29 17:12:24.381455,1023.0,2.5,0.0,12000.0,0.0,750.0
2018-05-29 17:12:24.582334,1023.0,2.5,0.0,12000.0,0.0,750.0
2018-05-29 17:12:24.783214,1023.0,2.5,0.0,12000.0,0.0,750.0
2018-05-29 17:12:24.984093,1023.0,2.5,0.0,12000.0,0.0,750.0
2018-05-29 17:12:25.184973,1023.0,2.5,0.0,12000.0,0.0,750.0
2018-05-29 17:12:25.385852,1023.0,2.5,0.0,12000.0,0.0,750.0
2018-05-29 17:12:25.586731,1023.0,2.5,0.0,12000.0,0.0,750.0
2018-05-29 17:12:25.789610,1023.0,2.5,0.0,12000.0,0.0,750.0
2018-05-29 17:12:25.990489,1023.0,2.5,0.0,12000.0,0.0,750.0
2018-05-29 17:12:26.191368,1023.0,2.5,0.0,12000.0,0.0,750.0
2018-05-29 17:12:26.392248,1023.0,2.5,0.0,12000.0,0.0,750.0
2018-05-29 17:12:26.593127,1023.0,2.5,0.0,12000.0,0.0,750.0
2018-05-29 17:12:26.794007,1023.0,2.5,0.0,12000.0,0.0,750.0
2018-05-29 17:12:26.994886,1023.0,2.5,0.0,12000.0,0.0,750.0
2018-05-29 17:12:27.195765,1023.0,2.5,0.0,12000.0,0.0,750.0
2018-05-29 17:12:27.396645,1023.0,2.5,0.0,12000.0,0.0,750.0
2018-05-29 17:12:27.644496,1023.0,2.5,0.0,12000.0,0.0,750.0
2018-05-29 17:12:27.845375,1023.0,2.5,0.0,12000.0,0.0,750.0
2018-05-29 17:12:28.050252,1023.0,2.5,0.0,12000.0,0.0,750.0
2018-05-29 17:12:28.251132,1023.0,2.5,0.0,12000.0,0.0,750.0
2018-05-29 17:12:28.453011,1023.0,2.5,0.0,12000.0,0.0,750.0
2018-05-29 17:12:28.653890,1023.0,2.5,0.0,12000.0,0.0,750.0
2018-05-29 17:12:28.854769,1023.0,2.5,0.0,12000.0,0.0,750.0
2018-05-29 17:12:29.055649,1023.0,2.5,0.0,12000.0,0.0,750.0
2018-05-29 17:12:29.257528,1023.0,2.5,0.0,12000.0,0.0,750.0
2018-05-29 17:12:29.458407,1023.0,2.5,0.0,12000.0,0.0,750.0
2018-05-29 17:12:29.659286,1023.0,2.5,0.0,12000.0,0.0,750.0
2018-05-29 17:12:29.861165,1023.0,2.5,0.0,12000.0,0.0,750.0
2018-05-29 17:12:30.062045,1023.0,2.5,0.0,12000.0,0.0,750.0
2018-05-29 17:12:30.262924,1023.0,2.5,0.0,12000.0,0.0,750.0
2018-05-29 17:12:30.463803,1023.0,2.5,0.0,12000.0,0.0,750.0
2018-05-29 17:12:30.664683,1023.0,2.5,0.0,12000.0,0.0,750.0
2018-05-29 17:12:30.865562,1023.0,2.5,0.0,12000.0,0.0,750.0
2018-05-29 17:12:31.066442,1023.0,2.5,0.0,12000.0,0.0,750.0
2018-05-29 17:12:31.267321,1023.0,2.5,0.0,12000.0,0.0,750.0
2018-05-29 17:12:31.468200,1023.0,2.5,0.0,12000.0,0.0,750.0
2018-05-29 17:12:31.669080,1023.0,2.5,0.0,12000.0,0.0,750.0
2018-05-29 17:12:31.870959,1023.0,2.5,0.0,12000.0,0.0,750.0
2018-05-29 17:12:32.070839,1023.0,2.5,0.0,12000.0,0.0,750.0
2018-05-29 17:12:32.274716,1023.0,2.5,0.0,12000.0,0.0,750.0
2018-05-29 17:12:32.475596,1023.0,2.5,0.0,12000.0,0.0,750.0
2018-05-29 17:12:32.676475,1023.0,2.5,0.0,12000.0,0.0,750.0
2018-05-29 17:12:32.877354,1023.0,2.5,0.0,12000.0,0.0,750.0
2018-05-29 17:12:33.078234,1023.0,2.5,0.0,12000.0,0.0,750.0
2018-05-29 17:12:33.281112,1023.0,2.5,0.0,12000.0,0.0,750.0
2018-05-29 17:12:33.482991,1023.0,2.5,0.0,12000.0,0.0,750.0
2018-05-29 17:12:33.699861,1023.0,2.5,0.0,12000.0,0.0,750.0
2018-05-29 17:12:33.900740,1023.0,2.5,0.0,12000.0,0.0,750.0
2018-05-29 17:12:34.101619,1023.0,2.5,0.0,12000.0,0.0,750.0
2018-05-29 17:12:34.302499,1023.0,2.5,0.0,12000.0,0.0,750.0
2018-05-29 17:12:34.503378,1023.0,2.5,0.0,12000.0,0.0,750.0
2018-05-29 17:12:34.704258,1023.0,2.5,0.0,12000.0,0.0,750.0
2018-05-29 17:12:34.905137,1023.0,2.5,0.0,12000.0,0.0,750.0
2018-05-29 17:12:35.106016,1023.0,2.5,0.0,12000.0,0.0,750.0
2018-05-29 17:12:35.306896,1023.0,2.5,0.0,12000.0,0.0,750.0
2018-05-29 17:12:35.507775,1023.0,2.5,0.0,12000.0,0.0,750.0
2018-05-29 17:12:35.709654,1023.0,2.5,0.0,12000.0,0.0,750.0
2018-05-29 17:12:35.910533,1023.0,2.5,0.0,12000.0,0.0,750.0
2018-05-29 17:12:36.111413,1023.0,2.5,0.0,12000.0,0.0,750.0
2018-05-29 17:12:36.312292,1023.0,2.5,0.0,12000.0,0.0,750.0
2018-05-29 17:12:36.514171,1023.0,2.5,0.0,12000.0,0.0,750.0
2018-05-29 17:12:36.715050,1023.0,2.5,0.0,12000.0,0.0,750.0
2018-05-29 17:12:36.915930,1023.0,2.5,0.0,12000.0,0.0,750.0
2018-05-29 17:12:37.116809,1023.0,2.5,0.0,12000.0,0.0,750.0
2018-05-29 17:12:37.318688,1023.0,2.5,0.0,12000.0,0.0,750.0
2018-05-29 17:12:37.519567,1023.0,2.5,0.0,12000.0,0.0,750.0
2018-05-29 17:12:37.720447,1023.0,2.5,0.0,12000.0,0.0,750.0
2018-05-29 17:12:37.921326,1023.0,2.5,0.0,12000.0,0.0,750.0
2018-05-29 17:12:38.122206,1023.0,2.5,0.0,12000.0,0.0,750.0
2018-05-29 17:12:38.324084,1023.0,2.5,0.0,12000.0,0.0,750.0
2018-05-29 17:12:38.524964,1023.0,2.5,0.0,12000.0,0.0,750.0
2018-05-29 17:12:38.725843,1023.0,2.5,0.0,12000.0,0.0,750.0
2018-05-29 17:12:38.926723,1023.0,2.5,0.0,12000.0,0.0,750.0
2018-05-29 17:12:39.127602,1023.0,2.5,0.0,12000.0,0.0,750.0
2018-05-29 17:12:39.328481,1023.0,2.5,0.0,12000.0,0.0,750.0
2018-05-29 17:12:39.529361,1023.0,2.5,0.0,12000.0,0.0,750.0
2018-05-29 17:12:39.730240,1023.0,2.5,0.0,12000.0,0.0,750.0
2018-05-29 17:12:39.932119,1023.0,2.5,0.0,12000.0,0.0,750.0
2018-05-29 17:12:40.131999,1023.0,2.5,0.0,12000.0,0.0,750.0
2018-05-29 17:12:40.332878,1023.0,2.5,0.0,12000.0,0.0,750.0
2018-05-29 17:12:40.559742,1023.0,2.5,0.0,12000.0,0.0,750.0
2018-05-29 17:12:40.801597,1023.0,2.5,0.0,12000.0,0.0,750.0
2018-05-29 17:12:41.002476,1023.0,2.5,0.0,12000.0,0.0,750.0
2018-05-29 17:12:41.203356,1023.0,2.5,0.0,12000.0,0.0,750.0
2018-05-29 17:12:41.404235,1023.0,2.5,0.0,12000.0,0.0,750.0
2018-05-29 17:12:41.605115,1023.0,2.5,0.0,12000.0,0.0,750.0
2018-05-29 17:12:41.805994,1023.0,2.5,0.0,12000.0,0.0,750.0
2018-05-29 17:12:42.006873,1023.0,2.5,0.0,12000.0,0.0,750.0
2018-05-29 17:12:42.207753,1023.0,2.5,0.0,12000.0,0.0,750.0
2018-05-29 17:12:42.408632,1023.0,2.5,0.0,12000.0,0.0,750.0
2018-05-29 17:12:42.612510,1023.0,2.5,0.0,12000.0,0.0,750.0
2018-05-29 17:12:42.813389,1023.0,2.5,0.0,12000.0,0.0,750.0
2018-05-29 17:12:43.014269,1023.0,2.5,0.0,12000.0,0.0,750.0
2018-05-29 17:12:43.215148,1023.0,2.5,0.0,12000.0,0.0,750.0
2018-05-29 17:12:43.416027,1023.0,2.5,0.0,12000.0,0.0,750.0
2018-05-29 17:12:43.617906,1023.0,2.5,0.0,12000.0,0.0,750.0
2018-05-29 17:12:43.818786,1023.0,2.5,0.0,12000.0,0.0,750.0
2018-05-29 17:12:44.019665,1023.0,2.5,0.0,12000.0,0.0,750.0
2018-05-29 17:12:44.220544,1023.0,2.5,0.0,12000.0,0.0,750.0
2018-05-29 17:12:44.421424,1023.0,2.5,0.0,12000.0,0.0,750.0
2018-05-29 17:12:44.622303,1023.0,2.5,0.0,12000.0,0.0,750.0
2018-05-29 17:12:44.823183,1023.0,2.5,0.0,12000.0,0.0,750.0
2018-05-29 17:12:45.024062,1023.0,2.5,0.0,12000.0,0.0,750.0
2018-05-29 17:12:45.224941,1023.0,2.5,0.0,12000.0,0.0,750.0
2018-05-29 17:12:45.426820,1023.0,2.5,0.0,12000.0,0.0,750.0
2018-05-29 17:12:45.686664,1023.0,2.5,0.0,12000.0,0.0,750.0
2018-05-29 17:12:45.888543,1023.0,2.5,0.0,12000.0,0.0,750.0
2018-05-29 17:12:46.091421,1023.0,2.5,0.0,12000.0,0.0,750.0
2018-05-29 17:12:46.293300,1023.0,2.5,0.0,12000.0,0.0,750.0
2018-05-29 17:12:46.500176,1023.0,2.5,0.0,12000.0,0.0,750.0
