datetime,IP1,FC1,Volt FC1 ,Vtip,Itip,BV1
2018-05-30 10:50:43.676398,1023.0,0.0,0.0,0.0,0.0,0.0
2018-05-30 10:50:43.857254,1023.0,0.0,0.0,0.0,0.0,0.0
2018-05-30 10:50:44.062090,1023.0,0.0,0.0,0.0,0.0,0.0
2018-05-30 10:50:44.266926,1023.0,0.0,0.0,0.0,0.0,0.0
2018-05-30 10:50:44.469763,1023.0,0.0,0.0,0.0,0.0,0.0
2018-05-30 10:50:44.674599,1023.0,0.0,0.0,0.0,0.0,0.0
2018-05-30 10:50:45.596861,1023.0,0.0,0.0,0.0,0.0,0.0
2018-05-30 10:50:45.801697,1023.0,0.0,0.0,0.0,0.0,0.0
2018-05-30 10:50:46.003535,1023.0,0.0,0.0,0.0,0.0,0.0
2018-05-30 10:50:46.205374,1023.0,0.0,0.0,0.0,0.0,0.0
2018-05-30 10:50:46.406213,1023.0,0.0,0.0,0.0,0.0,0.0
2018-05-30 10:50:46.608051,1023.0,0.0,0.0,0.0,0.0,0.0
2018-05-30 10:50:46.810889,1023.0,0.0,0.0,0.0,0.0,0.0
2018-05-30 10:50:47.014726,1023.0,0.0,0.0,0.0,0.0,0.0
2018-05-30 10:50:51.301294,1023.0,0.0,0.0,0.0,0.0,0.0
2018-05-30 10:50:51.506130,1023.0,0.0,0.0,0.0,0.0,0.0
2018-05-30 10:50:51.720958,1023.0,0.0,0.0,0.0,0.0,0.0
2018-05-30 10:50:51.921797,1023.0,0.0,0.0,0.0,0.0,0.0
2018-05-30 10:50:52.123635,1023.0,0.0,0.0,0.0,0.0,0.0
2018-05-30 10:50:52.324474,1023.0,0.0,0.0,0.0,0.0,0.0
2018-05-30 10:50:52.526313,1023.0,0.0,0.0,0.0,0.0,0.0
2018-05-30 10:50:52.727152,1023.0,0.0,0.0,0.0,0.0,0.0
2018-05-30 10:50:52.927991,1023.0,0.0,0.0,0.0,0.0,0.0
2018-05-30 10:50:53.129830,1023.0,0.0,0.0,0.0,0.0,0.0
2018-05-30 10:50:53.330669,1023.0,0.0,0.0,0.0,0.0,0.0
2018-05-30 10:50:53.533506,1023.0,0.0,0.0,0.0,0.0,0.0
2018-05-30 10:50:53.734346,1023.0,0.0,0.0,0.0,0.0,0.0
2018-05-30 10:50:53.935185,1023.0,0.0,0.0,0.0,0.0,0.0
2018-05-30 10:50:54.137023,1023.0,0.0,0.0,0.0,0.0,0.0
2018-05-30 10:50:54.337862,1023.0,0.0,0.0,0.0,0.0,0.0
2018-05-30 10:50:54.540700,1023.0,0.0,0.0,0.0,0.0,0.0
2018-05-30 10:50:54.740540,1023.0,0.0,0.0,0.0,0.0,0.0
2018-05-30 10:50:54.941379,1023.0,0.0,0.0,0.0,0.0,0.0
2018-05-30 10:50:55.144217,1023.0,0.0,0.0,0.0,0.0,0.0
2018-05-30 10:50:55.345056,1023.0,0.0,0.0,0.0,0.0,0.0
2018-05-30 10:50:55.545895,1023.0,0.0,0.0,0.0,0.0,0.0
2018-05-30 10:50:55.747734,1023.0,0.0,0.0,0.0,0.0,0.0
2018-05-30 10:50:55.948573,1023.0,0.0,0.0,0.0,0.0,0.0
2018-05-30 10:50:56.151410,1023.0,0.0,0.0,0.0,0.0,0.0
2018-05-30 10:50:56.352250,1023.0,0.0,0.0,0.0,0.0,0.0
2018-05-30 10:50:56.554088,1023.0,0.0,0.0,0.0,0.0,0.0
2018-05-30 10:50:56.755926,1023.0,0.0,0.0,0.0,0.0,0.0
2018-05-30 10:50:56.960762,1023.0,0.0,0.0,0.0,0.0,0.0
2018-05-30 10:50:57.165598,1023.0,0.0,0.0,0.0,0.0,0.0
2018-05-30 10:50:57.368436,1023.0,0.0,0.0,0.0,0.0,0.0
2018-05-30 10:50:57.569275,1023.0,0.0,0.0,0.0,0.0,0.0
2018-05-30 10:50:57.773112,1023.0,0.0,0.0,0.0,0.0,0.0
2018-05-30 10:50:57.973951,1023.0,0.0,0.0,0.0,0.0,0.0
2018-05-30 10:50:58.176789,1023.0,0.0,0.0,0.0,0.0,0.0
2018-05-30 10:50:58.377628,1023.0,0.0,0.0,0.0,0.0,0.0
2018-05-30 10:50:58.688379,1023.0,0.0,0.0,0.0,0.0,0.0
2018-05-30 10:50:58.787300,1023.0,0.0,0.0,0.0,0.0,0.0
2018-05-30 10:50:58.988139,1023.0,0.0,0.0,0.0,0.0,0.0
2018-05-30 10:50:59.189978,1023.0,0.0,0.0,0.0,0.0,0.0
2018-05-30 10:50:59.390817,1023.0,0.0,0.0,0.0,0.0,0.0
2018-05-30 10:50:59.591656,1023.0,0.0,0.0,0.0,0.0,0.0
2018-05-30 10:50:59.793494,1023.0,0.0,0.0,0.0,0.0,0.0
2018-05-30 10:50:59.995333,1023.0,0.0,0.0,0.0,0.0,0.0
2018-05-30 10:51:00.197171,1023.0,0.0,0.0,0.0,0.0,0.0
2018-05-30 10:51:00.398010,1023.0,0.0,0.0,0.0,0.0,0.0
2018-05-30 10:51:00.598850,1023.0,0.0,0.0,0.0,0.0,0.0
2018-05-30 10:51:00.800688,1023.0,0.0,0.0,0.0,0.0,0.0
2018-05-30 10:51:01.001527,1023.0,0.0,0.0,0.0,0.0,0.0
2018-05-30 10:51:01.203366,1023.0,0.0,0.0,0.0,0.0,0.0
2018-05-30 10:51:01.405204,1023.0,0.0,0.0,0.0,0.0,0.0
2018-05-30 10:51:01.609041,1023.0,0.0,0.0,0.0,0.0,0.0
2018-05-30 10:51:01.810879,1023.0,0.0,0.0,0.0,0.0,0.0
2018-05-30 10:51:02.011718,1023.0,0.0,0.0,0.0,0.0,0.0
2018-05-30 10:51:02.213557,1023.0,0.0,0.0,0.0,0.0,0.0
2018-05-30 10:51:02.414396,1023.0,0.0,0.0,0.0,0.0,0.0
2018-05-30 10:51:02.615235,1023.0,0.0,0.0,0.0,0.0,0.0
2018-05-30 10:51:02.818073,1023.0,0.0,0.0,0.0,0.0,0.0
2018-05-30 10:51:03.017913,1023.0,0.0,0.0,0.0,0.0,0.0
2018-05-30 10:51:03.220750,1023.0,0.0,0.0,0.0,0.0,0.0
2018-05-30 10:51:03.421590,1023.0,0.0,0.0,0.0,0.0,0.0
2018-05-30 10:51:03.622429,1023.0,0.0,0.0,0.0,0.0,0.0
2018-05-30 10:51:03.824267,1023.0,0.0,0.0,0.0,0.0,0.0
2018-05-30 10:51:04.025106,1023.0,0.0,0.0,0.0,0.0,0.0
2018-05-30 10:51:04.226945,1023.0,0.0,0.0,0.0,0.0,0.0
2018-05-30 10:51:04.427784,1023.0,0.0,0.0,0.0,0.0,0.0
2018-05-30 10:51:04.629622,1023.0,0.0,0.0,0.0,0.0,0.0
2018-05-30 10:51:04.831461,1023.0,0.0,0.0,0.0,0.0,0.0
2018-05-30 10:51:05.032300,1023.0,0.0,0.0,0.0,0.0,0.0
2018-05-30 10:51:05.234138,1023.0,0.0,0.0,0.0,0.0,0.0
2018-05-30 10:51:05.434978,1023.0,0.0,0.0,0.0,0.0,0.0
2018-05-30 10:51:05.635817,1023.0,0.0,0.0,0.0,0.0,0.0
2018-05-30 10:51:05.837655,1023.0,0.0,0.0,0.0,0.0,0.0
2018-05-30 10:51:06.038494,1023.0,0.0,0.0,0.0,0.0,0.0
2018-05-30 10:51:06.241332,1023.0,0.0,0.0,0.0,0.0,0.0
2018-05-30 10:51:06.442171,1023.0,0.0,0.0,0.0,0.0,0.0
2018-05-30 10:51:06.643010,1023.0,0.0,0.0,0.0,0.0,0.0
2018-05-30 10:51:06.844849,1023.0,0.0,0.0,0.0,0.0,0.0
2018-05-30 10:51:07.045688,1023.0,0.0,0.0,0.0,0.0,0.0
2018-05-30 10:51:07.249525,1023.0,0.0,0.0,0.0,0.0,0.0
2018-05-30 10:51:07.451363,1023.0,0.0,0.0,0.0,0.0,0.0
2018-05-30 10:51:07.652202,1023.0,0.0,0.0,0.0,0.0,0.0
2018-05-30 10:51:07.854041,1023.0,0.0,0.0,0.0,0.0,0.0
2018-05-30 10:51:08.054880,1023.0,0.0,0.0,0.0,0.0,0.0
2018-05-30 10:51:08.258717,1023.0,0.0,0.0,0.0,0.0,0.0
2018-05-30 10:51:08.459556,1023.0,0.0,0.0,0.0,0.0,0.0
2018-05-30 10:51:08.660395,1023.0,0.0,0.0,0.0,0.0,0.0
2018-05-30 10:51:08.862234,1023.0,0.0,0.0,0.0,0.0,0.0
2018-05-30 10:51:09.063073,1023.0,0.0,0.0,0.0,0.0,0.0
2018-05-30 10:51:09.267909,1023.0,0.0,0.0,0.0,0.0,0.0
2018-05-30 10:51:09.468748,1023.0,0.0,0.0,0.0,0.0,0.0
2018-05-30 10:51:09.712553,1023.0,0.0,0.0,0.0,0.0,0.0
2018-05-30 10:51:09.915390,1023.0,0.0,0.0,0.0,0.0,0.0
2018-05-30 10:51:10.118228,1023.0,0.0,0.0,0.0,0.0,0.0
2018-05-30 10:51:10.320066,1023.0,0.0,0.0,0.0,0.0,0.0
2018-05-30 10:51:10.520906,1023.0,0.0,0.0,0.0,0.0,0.0
2018-05-30 10:51:10.721745,1023.0,0.0,0.0,0.0,0.0,0.0
2018-05-30 10:51:10.923583,1023.0,0.0,0.0,0.0,0.0,0.0
2018-05-30 10:51:11.124422,1023.0,0.0,0.0,0.0,0.0,0.0
2018-05-30 10:51:11.330258,1023.0,0.0,0.0,0.0,0.0,0.0
2018-05-30 10:51:11.536093,1023.0,0.0,0.0,0.0,0.0,0.0
2018-05-30 10:51:11.736932,1023.0,0.0,0.0,0.0,0.0,0.0
2018-05-30 10:51:11.938770,1023.0,0.0,0.0,0.0,0.0,0.0
2018-05-30 10:51:12.139610,1023.0,0.0,0.0,0.0,0.0,0.0
2018-05-30 10:51:12.341448,1023.0,0.0,0.0,0.0,0.0,0.0
2018-05-30 10:51:12.542287,1023.0,0.0,0.0,0.0,0.0,0.0
2018-05-30 10:51:12.744126,1023.0,0.0,0.0,0.0,0.0,0.0
2018-05-30 10:51:12.945964,1023.0,0.0,0.0,0.0,0.0,0.0
2018-05-30 10:51:13.146803,1023.0,0.0,0.0,0.0,0.0,0.0
2018-05-30 10:51:13.348642,1023.0,0.0,0.0,0.0,0.0,0.0
2018-05-30 10:51:13.549481,1023.0,0.0,0.0,0.0,0.0,0.0
2018-05-30 10:51:13.752318,1023.0,0.0,0.0,0.0,0.0,0.0
2018-05-30 10:51:13.961151,1023.0,0.0,0.0,0.0,0.0,0.0
2018-05-30 10:51:14.161990,1023.0,0.0,0.0,0.0,0.0,0.0
2018-05-30 10:51:14.363829,1023.0,0.0,0.0,0.0,0.0,0.0
2018-05-30 10:51:14.564668,1023.0,0.0,0.0,0.0,0.0,0.0
2018-05-30 10:51:14.766506,1023.0,0.0,0.0,0.0,0.0,0.0
2018-05-30 10:51:14.968345,1023.0,0.0,0.0,0.0,0.0,0.0
2018-05-30 10:51:15.169184,1023.0,0.0,0.0,0.0,0.0,0.0
2018-05-30 10:51:15.371022,1023.0,0.0,0.0,0.0,0.0,0.0
2018-05-30 10:51:15.572861,1023.0,0.0,0.0,0.0,0.0,0.0
2018-05-30 10:51:15.773700,1023.0,0.0,0.0,0.0,0.0,0.0
2018-05-30 10:51:15.975538,1023.0,0.0,0.0,0.0,0.0,0.0
2018-05-30 10:51:16.177377,1023.0,0.0,0.0,0.0,0.0,0.0
2018-05-30 10:51:16.379215,1023.0,0.0,0.0,0.0,0.0,0.0
2018-05-30 10:51:16.580054,1023.0,0.0,0.0,0.0,0.0,0.0
2018-05-30 10:51:16.780894,1023.0,0.0,0.0,0.0,0.0,0.0
2018-05-30 10:51:16.982732,1023.0,0.0,0.0,0.0,0.0,0.0
2018-05-30 10:51:17.183571,1023.0,0.0,0.0,0.0,0.0,0.0
2018-05-30 10:51:17.386409,1023.0,0.0,0.0,0.0,0.0,0.0
2018-05-30 10:51:17.587248,1023.0,0.0,0.0,0.0,0.0,0.0
2018-05-30 10:51:17.789086,1023.0,0.0,0.0,0.0,0.0,0.0
2018-05-30 10:51:17.990925,1023.0,0.0,0.0,0.0,0.0,0.0
2018-05-30 10:51:18.192763,1023.0,0.0,0.0,0.0,0.0,0.0
2018-05-30 10:51:18.400597,1023.0,0.0,0.0,0.0,0.0,0.0
2018-05-30 10:51:18.613426,1023.0,0.0,0.0,0.0,0.0,0.0
2018-05-30 10:51:18.809270,1023.0,0.0,0.0,0.0,0.0,0.0
2018-05-30 10:51:19.011108,1023.0,0.0,0.0,0.0,0.0,0.0
2018-05-30 10:51:19.211947,1023.0,0.0,0.0,0.0,0.0,0.0
2018-05-30 10:51:19.413786,1023.0,0.0,0.0,0.0,0.0,0.0
2018-05-30 10:51:19.615624,1023.0,0.0,0.0,0.0,0.0,0.0
2018-05-30 10:51:19.816463,1023.0,0.0,0.0,0.0,0.0,0.0
2018-05-30 10:51:20.019301,1023.0,0.0,0.0,0.0,0.0,0.0
2018-05-30 10:51:20.219141,1023.0,0.0,0.0,0.0,0.0,0.0
2018-05-30 10:51:20.421978,1023.0,0.0,0.0,0.0,0.0,0.0
2018-05-30 10:51:20.622818,1023.0,0.0,0.0,0.0,0.0,0.0
2018-05-30 10:51:20.824656,1023.0,0.0,0.0,0.0,0.0,0.0
2018-05-30 10:51:21.027494,1023.0,0.0,0.0,0.0,0.0,0.0
2018-05-30 10:51:21.228333,1023.0,0.0,0.0,0.0,0.0,0.0
2018-05-30 10:51:21.431170,1023.0,0.0,0.0,0.0,0.0,0.0
2018-05-30 10:51:21.637006,1023.0,0.0,0.0,0.0,0.0,0.0
2018-05-30 10:51:21.837845,1023.0,0.0,0.0,0.0,0.0,0.0
2018-05-30 10:51:22.041682,1023.0,0.0,0.0,0.0,0.0,0.0
2018-05-30 10:51:22.242521,1023.0,0.0,0.0,0.0,0.0,0.0
2018-05-30 10:51:22.448356,1023.0,0.0,0.0,0.0,0.0,0.0
2018-05-30 10:51:22.649195,1023.0,0.0,0.0,0.0,0.0,0.0
2018-05-30 10:51:22.850034,1023.0,0.0,0.0,0.0,0.0,0.0
2018-05-30 10:51:23.051873,1023.0,0.0,0.0,0.0,0.0,0.0
2018-05-30 10:51:23.252712,1023.0,0.0,0.0,0.0,0.0,0.0
2018-05-30 10:51:23.454550,1023.0,0.0,0.0,0.0,0.0,0.0
2018-05-30 10:51:23.655390,1023.0,0.0,0.0,0.0,0.0,0.0
2018-05-30 10:51:23.856229,1023.0,0.0,0.0,0.0,0.0,0.0
2018-05-30 10:51:24.059066,1023.0,0.0,0.0,0.0,0.0,0.0
2018-05-30 10:51:24.259906,1023.0,0.0,0.0,0.0,0.0,0.0
2018-05-30 10:51:24.461744,1023.0,0.0,0.0,0.0,0.0,0.0
2018-05-30 10:51:24.662583,1023.0,0.0,0.0,0.0,0.0,0.0
2018-05-30 10:51:24.863422,1023.0,0.0,0.0,0.0,0.0,0.0
2018-05-30 10:51:25.066260,1023.0,0.0,0.0,0.0,0.0,0.0
2018-05-30 10:51:25.268098,1023.0,0.0,0.0,0.0,0.0,0.0
2018-05-30 10:51:25.470936,1023.0,0.0,0.0,0.0,0.0,0.0
2018-05-30 10:51:25.672774,1023.0,0.0,0.0,0.0,0.0,0.0
2018-05-30 10:51:25.873614,1023.0,0.0,0.0,0.0,0.0,0.0
2018-05-30 10:51:26.080448,1023.0,0.0,0.0,0.0,0.0,0.0
2018-05-30 10:51:26.287282,1023.0,0.0,0.0,0.0,0.0,0.0
2018-05-30 10:51:26.494117,1023.0,0.0,0.0,0.0,0.0,0.0
2018-05-30 10:51:26.706946,1023.0,0.0,0.0,0.0,0.0,0.0
2018-05-30 10:51:26.911782,1023.0,0.0,0.0,0.0,0.0,0.0
2018-05-30 10:51:27.118617,1023.0,0.0,0.0,0.0,0.0,0.0
2018-05-30 10:51:27.322454,1023.0,0.1,0.0,0.0,0.0,0.0
2018-05-30 10:51:27.552270,1023.0,0.1,0.0,0.0,0.0,0.0
2018-05-30 10:51:27.730127,1023.0,0.1,0.0,0.0,0.0,0.0
2018-05-30 10:51:27.930966,1023.0,0.1,0.0,0.0,0.0,0.0
2018-05-30 10:51:28.133804,1023.0,0.1,0.0,0.0,0.0,0.0
2018-05-30 10:51:28.334643,1023.0,0.2,0.0,0.0,0.0,0.0
2018-05-30 10:51:28.537481,1023.0,0.2,0.0,0.0,0.0,0.0
2018-05-30 10:51:28.738320,1023.0,0.2,0.0,0.0,0.0,0.0
2018-05-30 10:51:28.940158,1023.0,0.2,0.0,0.0,0.0,0.0
2018-05-30 10:51:29.142996,1023.0,0.2,0.0,0.0,0.0,0.0
2018-05-30 10:51:29.342836,1023.0,0.30000000000000004,0.0,0.0,0.0,0.0
2018-05-30 10:51:29.545674,1023.0,0.30000000000000004,0.0,0.0,0.0,0.0
2018-05-30 10:51:29.747512,1023.0,0.30000000000000004,0.0,0.0,0.0,0.0
2018-05-30 10:51:29.948351,1023.0,0.30000000000000004,0.0,0.0,0.0,0.0
2018-05-30 10:51:30.150190,1023.0,0.30000000000000004,0.0,0.0,0.0,0.0
2018-05-30 10:51:30.352028,1023.0,0.4,0.0,0.0,0.0,0.0
2018-05-30 10:51:30.554866,1023.0,0.4,0.0,0.0,0.0,0.0
2018-05-30 10:51:30.754706,1023.0,0.4,0.0,0.0,0.0,0.0
2018-05-30 10:51:30.958542,1023.0,0.4,0.0,0.0,0.0,0.0
2018-05-30 10:51:31.160381,1023.0,0.4,0.0,0.0,0.0,0.0
2018-05-30 10:51:31.361220,1023.0,0.5,0.0,0.0,0.0,0.0
2018-05-30 10:51:31.575049,1023.0,0.5,0.0,0.0,0.0,0.0
2018-05-30 10:51:31.776887,1023.0,0.5,0.0,0.0,0.0,0.0
2018-05-30 10:51:31.977726,1023.0,0.5,0.0,0.0,0.0,0.0
2018-05-30 10:51:32.179565,1023.0,0.5,0.0,0.0,0.0,0.0
2018-05-30 10:51:32.380404,1023.0,0.6,0.0,0.0,0.0,0.0
2018-05-30 10:51:32.582242,1023.0,0.6,0.0,0.0,0.0,0.0
2018-05-30 10:51:32.783082,1023.0,0.6,0.0,0.0,0.0,0.0
2018-05-30 10:51:32.985919,1023.0,0.6,0.0,0.0,0.0,0.0
2018-05-30 10:51:33.185759,1023.0,0.6,0.0,0.0,0.0,0.0
2018-05-30 10:51:33.386598,1023.0,0.7,0.0,0.0,0.0,0.0
2018-05-30 10:51:33.592434,1023.0,0.7,0.0,0.0,0.0,0.0
2018-05-30 10:51:33.791274,1023.0,0.7,0.0,0.0,0.0,0.0
2018-05-30 10:51:33.992114,1023.0,0.7,0.0,0.0,0.0,0.0
2018-05-30 10:51:34.193952,1023.0,0.7,0.0,0.0,0.0,0.0
2018-05-30 10:51:34.395790,1023.0,0.7999999999999999,0.0,0.0,0.0,0.0
2018-05-30 10:51:34.597629,1023.0,0.7999999999999999,0.0,0.0,0.0,0.0
2018-05-30 10:51:34.798468,1023.0,0.7999999999999999,0.0,0.0,0.0,0.0
2018-05-30 10:51:34.999307,1023.0,0.7999999999999999,0.0,0.0,0.0,0.0
2018-05-30 10:51:35.204143,1023.0,0.7999999999999999,0.0,0.0,0.0,0.0
2018-05-30 10:51:35.404982,1023.0,0.8999999999999999,0.0,0.0,0.0,0.0
2018-05-30 10:51:35.606821,1023.0,0.8999999999999999,0.0,0.0,0.0,0.0
2018-05-30 10:51:35.815654,1023.0,0.8999999999999999,0.0,0.0,0.0,0.0
2018-05-30 10:51:36.010498,1023.0,0.8999999999999999,0.0,0.0,0.0,0.0
2018-05-30 10:51:36.214334,1023.0,0.8999999999999999,0.0,0.0,0.0,0.0
2018-05-30 10:51:36.413175,1023.0,0.9999999999999999,0.0,0.0,0.0,0.0
2018-05-30 10:51:36.616013,1023.0,0.9999999999999999,0.0,0.0,0.0,0.0
2018-05-30 10:51:36.816852,1023.0,0.9999999999999999,0.0,0.0,0.0,0.0
2018-05-30 10:51:37.017691,1023.0,0.9999999999999999,0.0,0.0,0.0,0.0
2018-05-30 10:51:37.219530,1023.0,0.9999999999999999,0.0,0.0,0.0,0.0
2018-05-30 10:51:37.420369,1023.0,1.0999999999999999,0.0,0.0,0.0,0.0
2018-05-30 10:51:37.623206,1023.0,1.0999999999999999,0.0,0.0,0.0,0.0
2018-05-30 10:51:37.824046,1023.0,1.0999999999999999,0.0,0.0,0.0,0.0
2018-05-30 10:51:38.027882,1023.0,1.0999999999999999,0.0,0.0,0.0,0.0
2018-05-30 10:51:38.229721,1023.0,1.0999999999999999,0.0,0.0,0.0,0.0
2018-05-30 10:51:38.430560,1023.0,1.2,0.0,0.0,0.0,0.0
2018-05-30 10:51:38.632398,1023.0,1.2,0.0,0.0,0.0,0.0
2018-05-30 10:51:38.833238,1023.0,1.2,0.0,0.0,0.0,0.0
2018-05-30 10:51:39.034077,1023.0,1.2,0.0,0.0,0.0,0.0
2018-05-30 10:51:39.236914,1023.0,1.2,0.0,0.0,0.0,0.0
2018-05-30 10:51:39.439752,1023.0,1.3,0.0,0.0,0.0,0.0
2018-05-30 10:51:39.641590,1023.0,1.3,0.0,0.0,0.0,0.0
2018-05-30 10:51:39.842430,1023.0,1.3,0.0,0.0,0.0,0.0
2018-05-30 10:51:40.043269,1023.0,1.3,0.0,0.0,0.0,0.0
2018-05-30 10:51:40.245107,1023.0,1.3,0.0,0.0,0.0,0.0
2018-05-30 10:51:40.445946,1023.0,1.4000000000000001,0.0,0.0,0.0,0.0
2018-05-30 10:51:40.648784,1023.0,1.4000000000000001,0.0,0.0,0.0,0.0
2018-05-30 10:51:40.850622,1023.0,1.4000000000000001,0.0,0.0,0.0,0.0
2018-05-30 10:51:41.050462,1023.0,1.4000000000000001,0.0,0.0,0.0,0.0
2018-05-30 10:51:41.254506,1023.0,1.4000000000000001,0.0,0.0,0.0,0.0
2018-05-30 10:51:41.458360,1023.0,1.5000000000000002,0.0,0.0,0.0,0.0
2018-05-30 10:51:41.671342,1023.0,1.5000000000000002,0.0,0.0,0.0,0.0
2018-05-30 10:51:41.875196,1023.0,1.5000000000000002,0.0,0.0,0.0,0.0
2018-05-30 10:51:42.081079,1023.0,1.5000000000000002,0.0,0.0,0.0,0.0
2018-05-30 10:51:42.284933,1023.0,1.5000000000000002,0.0,0.0,0.0,0.0
2018-05-30 10:51:42.489801,1023.0,1.6000000000000003,0.0,0.0,0.0,0.0
2018-05-30 10:51:42.696698,1023.0,1.6000000000000003,0.0,0.0,0.0,0.0
2018-05-30 10:51:42.899538,1023.0,1.6000000000000003,0.0,0.0,0.0,0.0
2018-05-30 10:51:43.103392,1023.0,1.6000000000000003,0.0,0.0,0.0,0.0
2018-05-30 10:51:43.308261,1023.0,1.6000000000000003,0.0,0.0,0.0,0.0
2018-05-30 10:51:43.512115,1023.0,1.7000000000000004,0.0,0.0,0.0,0.0
2018-05-30 10:51:43.720026,1023.0,1.7000000000000004,0.0,0.0,0.0,0.0
2018-05-30 10:51:43.923880,1023.0,1.7000000000000004,0.0,0.0,0.0,0.0
2018-05-30 10:51:44.127734,1023.0,1.7000000000000004,0.0,0.0,0.0,0.0
2018-05-30 10:51:44.333617,1023.0,1.7000000000000004,0.0,0.0,0.0,0.0
2018-05-30 10:51:44.537471,1023.0,1.8000000000000005,0.0,0.0,0.0,0.0
2018-05-30 10:51:44.741325,1023.0,1.8000000000000005,0.0,0.0,0.0,0.0
2018-05-30 10:51:44.946194,1023.0,1.8000000000000005,0.0,0.0,0.0,0.0
2018-05-30 10:51:45.369115,1023.0,1.8000000000000005,0.0,0.0,0.0,0.0
2018-05-30 10:51:45.379257,1023.0,1.8000000000000005,0.0,0.0,0.0,0.0
